3467 4367
665 606 936 656 erumnosus.
957 606 1020 657 v11.
1233 608 1281 657 055
1329 577 1337 594 '

425 688 536 743 Venatu
552 705 701 755 nemorum,
721 689 798 743 duris
816 689 970 757 Aequicula
986 689 1098 757 glaebis.

424 765 535 819 Armati
553 768 656 818 terram
674 768 812 833 exercent,
831 782 994 835 semperque
1012 765 1130 820 recentis

424 842 592 896 (lonvectare
609 840 686 893 iuvat
703 841 820 908 praedas
837 846 867 895 et
885 843 975 897 vivere
993 844 1082 910 rapto.
1120 837 1123 843 ’

459 917 529 981 Quin
547 920 576 969 et
595 915 736 969 Marruvia
753 917 828 971 venit
846 917 882 971 de
900 922 982 987 gente
1001 917 1136 985 sacerdos,
1241 929 1278 973 700

424 993 533 1047 Fronde
551 1010 634 1061 super
651 993 758 1060 galeam
777 997 806 1047 et
824 995 896 1047 felici
915 998 1040 1063 comptus
1058 994 1137 1062 oliva,

423 1069 556 1138 Archippi
574 1069 654 1137 regis·
665 1069 757 1135 missu,
775 1069 939 1123 fortissimus
957 1070 1071 1137 Umbro,

423 1145 543 1213 Vipereo
560 1145 654 1213 generi
673 1148 702 1199 et
719 1146 842 1214 graviter
860 1145 1028 1215 spirantibus
1045 1145 1140 1215 hydris

422 1220 557 1289 Spargere
575 1222 623 1290 qui
641 1238 749 1275 somnos
766 1227 904 1290 cantuque
921 1238 1058 1289 manuque
1076 1222 1189 1290 solebat,

421 1295 617 1367 Mulcebatque
634 1298 689 1351 iras
707 1302 736 1352 et
753 1314 860 1351 morsus
878 1303 939 1352 arte
957 1298 1072 1353 levabat
1241 1308 1276 1352 755

421 1370 478 1426 Sed
494 1389 549 1426 non
568 1373 725 1427 Dardaniae
742 1373 873 1427 medicari
891 1374 1010 1442 cuspidis
1028 1375 1113 1427 ictum

422 1448 537 1516 Evaluit,
555 1465 645 1517 neque
663 1466 725 1503 eum
744 1449 836 1503 iuvere
854 1450 882 1503 in
900 1451 1010 1503 volnera
1026 1454 1122 1503 cantus

422 1524 565 1579 Somniferi
583 1528 612 1578 et
633 1525 730 1579 Marsis
748 1526 888 1593 quaesitae
905 1525 1043 1579 montibus
1061 1526 1170 1580 herbae.

422 1598 458 1654 Te
477 1617 572 1654 nemus
592 1602 749 1668 Angustiae,
767 1602 855 1656 vitrea
874 1605 902 1656 te
921 1602 1038 1655 Fucinus
1056 1601 1138 1670 unda,

421 1676 458 1731 l'e
474 1677 571 1745 liquidi
588 1676 688 1730 flevere
706 1677 788 1731 lacus.
1236 1691 1273 1734 700

454 1753 519 1807 Ibat
536 1757 565 1807 et
585 1753 729 1824 Hippolyti
747 1754 838 1823 proles
845 1754 1037 1836 pulcherrima
1053 1753 1133 1822 bello,

420 1828 539 1897 Virbius,
556 1830 692 1899 insignem
710 1846 792 1900 quem
809 1835 898 1885 mater
919 1829 1011 1884 Aricia
1029 1830 1111 1898 misit,

420 1905 555 1960 Eductum
574 1894 775 1974 Egeriacducis
792 1906 935 1961 humentia
953 1906 1067 1960 circum·

420 1979 519 2047 Litora,
537 1982 646 2051 pinguis
663 1981 711 2036 ubi
728 1986 758 2036 et
774 1981 916 2049 placabilis
933 1999 982 2035 ara
999 1982 1110 2036 Dianae.

418 2054 544 2127 Namque
561 2057 656 2112 ferunt
673 2059 746 2111 fama
767 2058 955 2127 Hippolytum,
974 2061 1121 2128 postquam
1142 2062 1203 2113 arte
1222 2076 1269 2113 no·

486 2150 582 2186 vercae
1233 2147 1270 2190 755

417 2208 557 2262 Occiderit
574 2208 733 2275 patriasque
751 2208 870 2276 explerit
888 2208 1019 2275 sanguino
1036 2224 1138 2276 poenas

417 2284 546 2338 'turbatis
564 2283 713 2337 distractus
730 2284 816 2352 equis,
834 2285 872 2338 ad
889 2284 981 2337 sidem
997 2301 1092 2338 rursus

419 2359 552 2412 Aetheria
569 2362 599 2413 et
617 2374 729 2426 superas
747 2358 816 2412 caeli
832 2360 939 2414 venisse
957 2360 1008 2413 sub
1025 2375 1123 2428 auras,¹

418 2435 543 2488 Paeoniis
560 2437 716 2488 revocatum
733 2434 825 2488 herbis
843 2438 873 2489 et
890 2451 984 2489 amore
1003 2436 1113 2490 Dianae.

416 2511 486 2563 Tum
505 2511 589 2565 Pater
605 2510 784 2578 omnipotens,
802 2512 921 2580 aliquem
939 2511 1096 2580 indignatus
1113 2511 1148 2566 ab
1165 2514 1269 2569 uinbris

418 2587 564 2641 Mortalem
581 2587 695 2640 infernis
713 2587 749 2641 ad
767 2587 870 2641 lumina
888 2604 1001 2656 surgere
1019 2588 1100 2655 vitae,
1231 2603 1268 2646 771

416 2663 483 2732 lpse
499 2667 667 2732 repertorem
684 2664 837 2718 medicinae
854 2664 917 2719 talis
935 2668 965 2719 et
981 2664 1049 2719 artis

416 2740 545 2794 Fulmine
563 2739 766 2807 Phoebigenam
785 2741 893 2808 Stygias
912 2741 1033 2795 detrusit
1050 2741 1087 2795 ad
1105 2742 1209 2797 mdes.-

416 2818 458 2871 At
476 2817 566 2870 Trivia
585 2816 765 2884 Hippolytum
784 2817 985 2869 secretissima
1002 2817 1127 2871 recondit

416 2893 543 2959 Sedibus,
561 2896 590 2946 et
607 2891 741 2960 nymphae
761 2891 877 2959 Egeriae
896 2893 1054 2960 nemorique
1072 2892 1184 2961 relegat,
1232 2904 1268 2948 775

416 2968 495 3022 Solus
511 2968 558 3021 ubi
576 2968 604 3020 in
623 2968 696 3021 silvis
716 2967 795 3021 Italis
812 2967 939 3035 ignobilis
957 2984 1053 3021 aevum

417 3045 554 3113 Exigeret
571 3061 706 3112 versoque
724 3043 772 3096 ubi
789 3044 899 3097 nomine
917 3043 1031 3098 Virbius
1048 3046 1129 3099 esset.
1156 3069 1165 3086 τ

417 3120 499 3175 Unde
516 3122 600 3175 etiam
618 3120 721 3189 templo
740 3119 846 3174 Triviae
863 3120 986 3189 lucisque
1005 3120 1118 3174 sacratis

417 3196 585 3264 Cornipedes
603 3200 732 3250 arcentur
749 3196 821 3265 eqni,
840 3196 916 3265 quod
933 3197 1013 3250 litore
1031 3212 1141 3251 currum

417 3272 454 3325 Et
469 3272 594 3326 iuvenem
611 3272 741 3326 monstris
758 3272 851 3340 pavidi
869 3272 990 3326 effudere
1007 3272 1128 3328 marinis.
1231 3286 1268 3329 750

418 3347 504 3400 Filius
521 3347 645 3401 ardentis
662 3348 737 3401 haud
755 3349 840 3401 setius
859 3365 978 3415 aequore
996 3349 1097 3417 campi·

392 3447 394 3452 ·
417 3422 570 3476 Exercebat
588 3439 674 3491 equos
691 3440 827 3492 curruque
843 3424 872 3477 iu
891 3423 963 3478 bella
980 3424 1086 3477 ruebat.

453 3498 517 3566 Ipse
534 3498 607 3551 inter
623 3500 727 3567 pn'mos
744 3500 904 3569 praestanti
920 3516 1040 3568 corpore
1051 3500 1175 3551 'turnus

415 3574 541 3627 Vertitur
556 3590 636 3630 arma
655 3579 766 3647 tenens,
785 3581 819 3645 et
834 3582 903 3634 toto
918 3578 1035 3634 uertice
1053 3584 1149 3637 supra
1163 3565 1224 3615 est.

400 3647 455 3701 Oui
471 3649 576 3720 triplici
595 3653 701 3711 crinita
721 3655 794 3713 iuba
814 3656 906 3728 galea
921 3655 991 3712 alta
1005 3648 1209 3706 emmeram

1304 3625 1354 3662 *7ὶῆ
