3467 4367
440 624 471 669 42
678 624 707 672 P.
726 623 881 673 VERGILI
899 624 1067 673 MAReNIS

440 700 565 771 Victima,
583 719 664 770 saepe
683 708 730 756 tuo
749 705 853 772 perfusi
873 704 983 759 flumine
1003 723 1086 775 sacro,

439 779 575 832 Romanos
593 780 629 833 ad
647 782 750 848 templa
768 782 850 833 deum
868 782 972 835 duxere
990 783 1150 851 triumphes.

439 855 493 909 llic
510 873 558 909 ver
576 856 721 910 adsiduum
739 863 824 925 atque
842 858 937 911 alienis
955 859 1092 912 mensibus
1111 864 1221 927 aestas3

438 932 487 985 Bis
504 933 633 1001 gravidae
650 932 778 1001 pecudes,
795 933 837 986 bis
854 935 941 1002 pomis
960 935 1035 988 utilis
1051 936 1138 991 arbos.
1262 954 1299 994 rso

439 1012 479 1063 At
497 1009 610 1064 rabidae
627 1010 712 1077 tigres
730 1008 831 1063 absunt
848 1014 878 1063 et
897 1027 976 1063 saeva
994 1010 1103 1064 leonum

437 1086 553 1155 Semina,
571 1103 622 1141 uec
640 1087 753 1141 miseros
771 1086 869 1139 fallunt
887 1087 993 1140 aconita
1011 1088 1135 1157 legentis,

437 1162 463 1216 N
465 1180 496 1217 ec
512 1165 585 1232 rapit
601 1163 738 1217 inmensos
755 1160 828 1215 orbis
846 1179 896 1230 per
913 1162 1032 1230 humum,
1051 1179 1140 1232 neque
1157 1170 1238 1221 tante

437 1238 589 1308 Squameus
605 1240 634 1293 in
652 1240 752 1308 spiram
770 1241 862 1291 tractu
880 1255 909 1291 se
927 1238 1031 1307 colligit
1049 1241 1152 1308 anguis.

436 1315 521 1371 Adde
538 1320 581 1371 tot
600 1316 724 1386 egregias
742 1314 825 1368 urbes
843 1332 1011 1384 operumque
1029 1316 1158 1384 laborem,
1262 1336 1298 1373 rsa

436 1390 489 1446 'l'ot
506 1397 636 1462 congesta
653 1409 736 1446 manu
753 1393 909 1460 praeruptis
927 1392 1027 1460 oppida
1045 1394 1126 1460 saxis,

437 1466 616 1537 Fluminaque
633 1470 759 1537 antiquos
777 1466 994 1521 subterlabentia
1011 1486 1109 1524 muros.

437 1546 482 1597 An
494 1561 577 1614 mare,
589 1546 663 1614 qued
676 1561 764 1613 supra,
777 1560 935 1612 memorem,
948 1545 1076 1613 quodque
1089 1546 1177 1600 adluit
1188 1546 1279 1603 infra‘l

436 1621 518 1675 Anne
535 1621 609 1675 lacus
626 1625 725 1686 tantos,
744 1624 780 1684 tc,
800 1620 863 1672 Lari
882 1637 1016 1687 maxume,
1036 1626 1126 1689 teque,

435 1696 577 1751 Fluctibus
595 1701 625 1751 et
643 1697 754 1750 fremitu
772 1696 925 1763 adsurgens
945 1697 1052 1751 Benace
1071 1700 1192 1753 marinol
1260 1717 1297 1755 rer

436 1774 481 1826 Au
499 1790 646 1828 memorem
665 1775 762 1842 portus
779 1772 952 1840 Lucrinoque
971 1773 1067 1827 addita
1085 1774 1202 1828 claustra

434 1850 530 1918 Atque
546 1849 718 1918 indignatum
737 1849 841 1916 magnis
863 1849 1025 1903 stridoribus
1043 1866 1152 1918 aequor,

434 1923 504 1978 Iulia
521 1943 575 1994 qua
592 1930 677 1994 pente
695 1926 775 1993 louge
794 1929 873 1978 sonat
891 1925 964 1978 unda
982 1925 1073 1979 refuso

433 1999 643 2071 Tyrrhenusque
660 2002 739 2055 fretis
757 2001 906 2054 inmittitur
924 2005 1017 2055 aestus
1036 2003 1176 2059 Avernisl

432 2075 511 2132 Haec
529 2078 625 2133 mdem
644 2078 752 2147 argenti
770 2078 842 2131 rivos
861 2079 987 2146 aerisque
1005 2079 1117 2132 metalla
1258 2100 1295 2137 aa

432 2151 564 2209 Ostendit
581 2155 664 2222 venis,
682 2159 766 2223 etque
784 2170 851 2208 aum
868 2153 986 2221 plurima
1003 2154 1090 2208 fluxit.

434 2228 510 2284 Haec
526 2248 613 2299 genus
631 2248 693 2285 acre
711 2232 808 2297 virum,
829 2230 943 2296 Marsos,
964 2230 1120 2300 pubemque
1137 2232 1283 2301 Sabellam,

433 2306 643 2376 Adsuetumque
661 2308 732 2361 malo
751 2307 888 2374 Ligurem,
909 2304 1077 2375 Volscosque
1094 2312 1204 2363 verutos

432 2380 547 2450 Extulit,
564 2382 630 2437 haec
648 2384 754 2449 Decios,
772 2382 882 2449 Marios,
901 2399 1067 2451 magnosque
1085 2384 1220 2453 Camillos,

432 2456 571 2525 Scipiadas
589 2459 673 2511 duros
690 2458 770 2526 bello,
788 2462 817 2511 et
835 2462 872 2526 te,
890 2475 1016 2513 maxume
1035 2459 1143 2527 Caesar,
1256 2478 1294 2517 1⁷0

433 2533 485 2598 Qui
502 2550 572 2587 nunc
590 2534 720 2587 extremis
739 2534 824 2587 Asiae
840 2534 894 2587 iam
912 2535 1043 2588 victorin
1061 2537 1116 2590 eris

434 2609 567 2663 Inbellem
586 2610 687 2663 avertis
705 2610 834 2663 Romanis
851 2610 958 2665 arcibus
977 2611 1087 2666 Indum.

432 2685 520 2753 Salvo,
538 2702 637 2754 magne
654 2702 754 2754 parens
771 2685 889 2755 frugum,
908 2687 1035 2742 Saturnia
1052 2690 1141 2759 tellus,

432 2761 533 2830 Magna
550 2762 653 2828 vimm3
670 2761 720 2816 tibi
737 2778 782 2816 res
800 2764 931 2832 antiquae
950 2764 1040 2818 laudis
1057 2769 1086 2819 et
1103 2767 1171 2821 artis

433 2838 584 2906 Ingrediar,
602 2842 710 2894 sanctos
729 2856 811 2894 ausus
828 2841 972 2895 recludere
989 2842 1080 2909 fontis,
1251 2862 1288 2902 175

431 2913 636 2985 Ascraemnque
655 2933 721 2970 cano
740 2916 863 2972 Romana
881 2936 931 2987 per
951 2919 1050 2988 oppida
1068 2936 1182 2974 cannen.

465 2992 545 3045 Nunc
562 2992 635 3045 loeus
653 3010 779 3046 arvorum
797 2994 917 3062 ingeniis
937 3012 1007 3064 quae
1026 2996 1125 3049 robora
1142 2997 1248 3067 esuque,

430 3068 496 3131 Quis
513 3067 593 3137 color,
612 3072 641 3123 et
659 3086 729 3138 quae
747 3071 783 3123 sit
801 3071 885 3124 rebus
903 3076 1002 3125 natura
1020 3071 1146 3126 ferendis.

430 3142 558 3198 Difficiles
576 3147 692 3212 primum
709 3151 801 3201 terrac
820 3148 957 3216 collesque
974 3148 1092 3216 maligni,

429 3218 528 3275 Tenuis
545 3222 593 3275 ubi
610 3224 705 3292 argilla
723 3228 752 3277 et
770 3224 891 3277 dumosis
910 3225 1027 3278 calculus
1045 3224 1124 3292 arvis,
1252 3243 1289 3283 rso

430 3296 552 3351 Palladia
568 3301 690 3367 gaudent
708 3302 774 3355 silva
791 3301 890 3354 vivacis
908 3302 1002 3355 olivae.

430 3372 533 3427 Indicio
551 3379 594 3429 est
612 3381 703 3431 tractu
721 3394 834 3445 surgens
854 3379 971 3433 oleaster
989 3377 1087 3432 eodem

430 3449 565 3505 Plurimus
582 3456 612 3506 et
630 3455 709 3507 strati
726 3454 802 3507 bacis
821 3453 989 3509 siluestribus
1007 3454 1073 3522 egri.

428 3525 469 3580 At
487 3545 557 3597 quae
575 3530 682 3597 pinguis
700 3530 799 3584 humus
817 3530 943 3601 dulcique
961 3532 1063 3599 uligine
1080 3531 1162 3598 laeta,

428 3600 535 3672 Quique
553 3606 684 3673 frequens
701 3605 793 3659 herbis
811 3609 842 3659 et
858 3608 956 3662 fertilis
973 3608 1058 3662 ubere
1076 3624 1221 3675 campus-
1251 3626 1288 3665 iss

416 3674 532 3735 Qualem
548 3697 636 3749 saepe
652 3697 721 3737 cava
738 3687 843 3739 montis
861 3685 984 3740 conrade
1003 3684 1124 3739 solemus
