3467 4367
689 629 871 680 AENEIDOS
888 631 957 680 LIB.
977 632 1026 679 VI.
1235 631 1281 678 195

435 714 546 770 Talibus
564 714 675 767 Aeneas
692 711 836 781 ardentem
853 714 883 764 et
899 714 978 765 torva
995 715 1118 766 tuentem

434 790 552 846 Lenibat
571 788 652 843 dictis
670 787 797 855 animum,
815 785 994 855 lacrimasque
1012 786 1108 842 ciebat.

434 867 488 921 llla
505 865 562 921 solo
580 864 648 917 fixos
666 863 757 918 oculos
775 878 871 915 aversa
889 862 1006 929 tenebat,

432 943 460 997 N
461 959 493 997 ec
509 940 596 1009 magis
613 939 722 1008 incepto
739 938 843 993 voltum
861 954 986 992 sermone
1003 943 1136 1007 movetur,
1247 952 1283 997 wo

434 1019 522 1084 Quam
540 1018 563 1070 si
581 1016 651 1069 dura
668 1015 736 1068 silex
754 1016 803 1067 aut
821 1016 878 1067 stet
896 1014 1032 1082 Marpesia
1050 1018 1150 1069 cautes

433 1094 556 1148 Tandem
573 1091 706 1159 corripuit
724 1106 791 1157 sese,
809 1092 893 1157 atque
910 1090 1019 1144 inimica
1037 1091 1139 1159 refugit
1194 1119 1196 1125 ·

435 1171 469 1223 In
486 1186 582 1223 nemus
599 1166 787 1234 umbriferum,
804 1165 922 1219 coniunx
934 1166 988 1241 ubi
1004 1167 1137 1234 pristinus
1153 1166 1195 1221 illi

435 1245 593 1313 Respondet
610 1241 683 1297 cuns
700 1245 856 1310 aequatque
876 1240 1010 1309 Sychaeus
1028 1259 1154 1297 amorem
1221 1295 1226 1310 ,

435 1322 458 1373 N
462 1338 493 1374 ec
510 1321 600 1374 minus
618 1319 735 1385 Aeneas,
754 1335 819 1371 casu
836 1333 980 1370 concussus
998 1318 1097 1387 iniquo,
1246 1332 1283 1374 sss

436 1397 615 1465 Prosequitur
631 1395 775 1450 lacrimans
792 1393 880 1461 longe,
899 1396 929 1447 et
946 1393 1092 1447 miseratur
1108 1397 1226 1449 euntem

472 1472 542 1526 Inde
560 1472 655 1525 datum
674 1470 785 1524 molitur
803 1470 863 1523 iter.
903 1469 1016 1538 Iamque
1034 1487 1099 1524 arva
1115 1470 1249 1526 tenebant

435 1548 546 1613 Ultima,
565 1564 634 1616 quae
652 1546 723 1599 bello
741 1545 807 1599 clari
826 1549 933 1600 secreta
950 1545 1132 1614 frequentant.

437 1625 491 1678 Hic
507 1624 547 1677 illi
565 1623 682 1676 occurrit
699 1621 814 1691 Tydeus,
832 1622 878 1676 hic
894 1622 1011 1676 inclutus
1029 1623 1111 1677 armis

436 1700 658 1767 Parthenopaeus
676 1702 705 1753 et
723 1698 839 1753 Adrasti
856 1698 983 1766 pallentis
1001 1698 1106 1767 imag03
1211 1699 1222 1720 '
1246 1711 1284 1755 ssu

438 1776 492 1830 Hic
509 1776 625 1829 multum
643 1774 703 1829 fleti
720 1774 757 1829 ad
774 1792 887 1843 superos
907 1775 1033 1846 belloque
1050 1774 1143 1830 caduci

437 1852 618 1920 Dardanidae,
636 1868 704 1921 quos
721 1851 767 1905 ille
784 1851 871 1905 omnis
888 1852 969 1921 longo
987 1851 1083 1906 ordine
1100 1867 1215 1906 cernam

437 1929 582 1997 ingemuit,
601 1928 787 1996 Glaucumque
806 1927 993 1997 Medontaque
1011 1926 1277 1994 Thersilochumque,

437 2006 496 2059 Tris
515 2005 706 2071 Antenoridas,
726 2004 875 2072 Cererique
894 2020 1000 2057 sacrum
1019 2003 1211 2072 Polyphoeten,

437 2075 614 2148 Idaeumque,
633 2081 715 2133 etiam
733 2097 836 2147 currus,
854 2080 938 2132 etiam
956 2096 1032 2132 arma
1049 2081 1197 2132 tenentem.
1246 2091 1284 2133 sse

437 2157 622 2211 Circumstant
639 2156 745 2207 animae
763 2156 862 2208 dextra
879 2154 1012 2222 laevaque
1028 2154 1194 2220 frequentes

437 2232 496 2285 Nec
514 2229 614 2283 vidisse
632 2229 716 2282 semel
733 2229 800 2282 satis
817 2232 875 2293 est3
892 2228 968 2282 iuvat
985 2244 1072 2297 usque
1089 2228 1198 2297 morari,

438 2306 475 2358 llt
492 2305 615 2357 conferre
632 2303 756 2371 gradum,
774 2306 804 2358 et
821 2302 949 2356 veniendi
968 2302 1074 2357 discere
1092 2319 1207 2357 caussas.

439 2381 479 2434 At
496 2377 623 2431 Danaum·
637 2393 764 2450 proceres
783 2378 1070 2447 Agamemnoniaeque
1088 2378 1236 2448 phalanges

440 2455 478 2509 Ut
495 2452 589 2508 ridere
606 2454 695 2512 virum
711 2454 898 2523 fudgentiaque
915 2471 992 2509 arma
1008 2471 1059 2524 per
1076 2454 1194 2524 umbras,
1247 2468 1285 2511 seo

440 2529 550 2600 Ingenti
567 2529 707 2600 trepidare
724 2533 815 2598 metu;
833 2547 898 2600 pars
915 2534 1024 2586 vertere
1041 2534 1128 2601 terga,

438 2608 495 2662 Oeu
513 2606 650 2677 quondam
666 2606 773 2677 petiere
791 2610 880 2673 rates3
897 2624 962 2677 pars
979 2608 1076 2663 tollere
1092 2623 1187 2664 vocem

437 2684 586 2753 Exiguam:
603 2684 728 2752 inceptus
745 2684 846 2738 clamor
863 2684 1014 2739 frustratur
1030 2684 1159 2754 hiantis,

473 2764 570 2830 Atque
587 2761 632 2815 hic
650 2761 806 2815 Priamiden
823 2760 956 2815 laniatum
973 2777 1086 2829 corpore
1102 2762 1163 2815 toto

438 2835 612 2907 Deiphobum
629 2836 705 2891 videt
722 2840 752 2890 et
768 2837 888 2892 lacerum
905 2836 1055 2890 crudeliter
1072 2851 1127 2902 ora,
1249 2848 1286 2891 sse

439 2914 495 2967 Ora
511 2929 662 2981 manusque
680 2911 782 2978 ambas,
800 2912 984 2981 populataque
1001 2914 1127 2979 tempora
1143 2909 1231 2979 raptis

439 2988 568 3056 Auribus,
586 2992 616 3043 et
633 2991 743 3042 truncas
759 2988 902 3042 inhonesto
920 2987 1030 3041 volnere
1046 2986 1126 3039 naris.

439 3065 495 3119 Vix
512 3064 581 3118 adeo
599 3063 729 3132 adgnovit
746 3064 914 3132 pavitantem
932 3067 962 3117 et
979 3062 1041 3117 dira
1057 3064 1198 3129 tegentem

439 3140 584 3209 Supplicia,
602 3144 631 3195 et
648 3140 721 3194 notis
738 3140 883 3209 compellat
901 3138 1013 3194 vocibus
1030 3138 1116 3193 ultro:

439 3215 583 3285 Deiphobe
593 3216 768 3285 armipotens,
779 3233 866 3285 genus
879 3216 934 3270 albo
946 3232 963 3269 a
975 3214 1106 3283 sanguine
1119 3211 1223 3280 Teucri,
1249 3223 1287 3267 too

440 3290 507 3356 Quis
523 3295 582 3345 tam
598 3292 717 3346 crudelis
734 3293 840 3360 optavit
857 3307 966 3346 sumere
983 3290 1101 3360 poenasl

440 3366 492 3422 Oui
508 3370 618 3421 tantum
628 3368 671 3423 de
688 3371 718 3422 te
734 3368 828 3423 licuitl
863 3367 933 3421 Mihi
949 3367 1023 3421 fama
1040 3380 1166 3434 suprema

439 3442 528 3496 Nocte
545 3442 610 3497 tulit
626 3444 729 3497 fessum
746 3450 825 3499 vasta
840 3446 871 3498 te
888 3443 973 3497 caede
992 3442 1143 3509 Pelasgum

440 3516 621 3572 Procubuisse
637 3535 720 3587 super
736 3520 868 3576 confusae
887 3520 994 3590 stragis
1010 3531 1157 3573 acerum.

433 3592 508 3645 rnna
524 3598 635 3661 egeram
654 3596 796 3654 tumulum
815 3598 953 3655 Rhoeteo
970 3597 1006 3652 in
1018 3595 1116 3649 litore
1130 3587 1261 3669 ‘ubuum
1303 3575 1351 3614 ΨΒ

421 3664 568 3787 θθΰῗξωί,
589 3674 620 3727 ei
638 3690 750 3744 magna
768 3675 871 3734 Manis
889 3679 942 3734 ter
961 3689 1040 3729 roca
1058 3674 1180 3721 socam·
1249 3716 1339 3816 s&
