3467 4367
760 968 996 1037 LECTORI.

830 1196 932 1221 -ο-

511 1389 556 1446 Dr
571 1392 622 1446 hac
639 1408 700 1447 mea
717 1392 806 1462 opella
821 1409 877 1447 non
894 1396 938 1447 est
955 1409 1005 1447 cur
1021 1392 1108 1446 multa
1123 1390 1220 1447 dicam.
1248 1391 1305 1447 Vo-

458 1483 563 1538 lucram
582 1489 659 1539 certe
677 1489 772 1541 textus
791 1487 942 1556 Vergiliani
962 1486 1146 1542 recensionem
1168 1502 1223 1540 non
1240 1487 1305 1540 ante

458 1577 587 1632 emittere
605 1594 687 1646 quam
698 1581 762 1646 post
772 1577 926 1633 absolutum
943 1578 1021 1632 illum
1032 1578 1109 1631 cuius
1120 1577 1232 1631 tertiam
1243 1593 1304 1647 par-

457 1671 516 1723 tem
533 1671 598 1723 ante
617 1668 723 1737 aliquot
746 1684 854 1723 memes
878 1668 954 1723 edidi
978 1668 1218 1723 commentarium:
1242 1684 1303 1722 cum

457 1764 551 1816 autem
573 1761 691 1815 instaret
707 1761 874 1830 redemptor,
892 1761 1041 1815 consultius
1058 1761 1170 1816 tandem
1189 1760 1255 1815 duxi
1272 1762 1304 1813 ut

457 1855 526 1925 quid
552 1871 661 1923 possem
680 1854 740 1923 ipse
762 1854 903 1925 experirer
926 1871 1008 1923 quam
1026 1858 1058 1909 ut
1075 1854 1144 1909 alius
1172 1854 1304 1908 minorem

456 1945 526 2000 alius
542 1947 672 2000 maiorem
689 1946 840 2009 editionem
856 1945 955 2001 iisdem
973 1947 1076 2001 scilicet
1088 1946 1216 2016 auspiciis
1227 1962 1304 2001 cirra-

456 2042 507 2095 ret
542 2040 624 2095 Unde
634 2040 737 2094 factum
748 2042 792 2094 est
802 2042 835 2093 ut
845 2040 988 2095 nonnullas
1004 2040 1135 2094 lectiones
1146 2038 1304 2093 admiserim

456 2135 637 2202 quarum-aut
652 2149 724 2187 nunc
740 2132 866 2202 poenitet
883 2131 932 2186 a'ut
948 2131 1061 2201 posthac
1077 2131 1194 2186 fortasse
1211 2133 1304 2200 poeni-

455 2224 534 2281 tebit
570 2224 658 2279 Verbi
682 2241 772 2293 causa,
797 2241 829 2279 re
854 2224 989 2279 maturius
1012 2240 1154 2294 perpensa,
1179 2224 1209 2278 in
1229 2226 1303 2279 Aera

454 2317 501 2373 lib.
514 2333 556 2374 na
569 2323 628 2385 614,
647 2317 772 2385 nomiae,
793 2317 822 2371 in
833 2317 906 2371 Aen.
924 2316 971 2372 lib.
984 2332 1023 2373 rr.
1036 2321 1088 2371 332
1110 2316 1208 2371 animi
1225 2333 1303 2385 prae·
1352 2391 1355 2398 Ι

453 2411 598 2467 ferendum
609 2428 715 2480 censeo,
726 2410 782 2466 illic
793 2411 912 2467 Medicei
924 2411 1094 2480 aliorumque
1106 2411 1229 2466 codicum
1241 2428 1303 2466 auc-

452 2505 576 2573 toritate,
584 2504 629 2559 hic
641 2504 743 2574 partim
755 2504 880 2559 eiusdem
895 2503 1014 2560 Medicei
1026 2505 1190 2559 auctoritate
1201 2505 1303 2574 partim

451 2597 504 2655 loci
520 2598 645 2667 germani
663 2598 735 2653 Aen.
747 2598 794 2653 lib.
807 2616 833 2652 x.
846 2604 905 2667 686,
923 2598 971 2652 ubi
988 2598 1096 2654 codices
1113 2598 1235 2668 potiores
1252 2615 1303 2667 pro

451 2693 550 2749 animi
566 2675 697 2762 pugnant,
709 2693 866 2748 testimonio
881 2696 1030 2763 permotus.
1065 2692 1221 2746 Dolendum
1238 2708 1303 2747 sane

451 2791 510 2860 hoc,
525 2806 616 2859 neque
631 2793 724 2844 tamen
739 2790 826 2860 pluris
841 2806 929 2861 aequo
943 2791 1107 2846 faciendum.
1144 2790 1252 2858 Quippe
1269 2806 1303 2844 ea

451 2887 496 2940 est
515 2882 600 2939 hodie
612 2885 708 2937 textus
721 2883 873 2952 Vergiliani
888 2884 1008 2939 conditio
1025 2887 1057 2939 ut
1076 2883 1123 2952 qui
1140 2881 1245 2936 modica
1262 2882 1302 2937 rei

450 2978 563 3034 criticae
582 2978 697 3032 scientia
715 2977 865 3031 instructus
885 2993 981 3031 novam
999 2979 1099 3046 poetae
1116 2973 1303 3029 recensionem

450 3073 597 3128 instituere
613 3071 680 3126 velit
692 3072 737 3125 vix
756 3072 928 3127 committere
946 3071 1034 3140 possit
1051 3074 1083 3125 ut
1101 3086 1161 3124 rem
1176 3086 1231 3124 non
1244 3070 1303 3126 ieli-

451 3165 523 3220 citer
545 3168 632 3234 gerat,
651 3165 733 3219 modo
753 3182 797 3233 ne,
815 3169 848 3220 ut
864 3181 953 3233 nuper
969 3182 986 3218 a
1004 3180 1057 3217 non
1074 3164 1183 3241 nemine
1199 3164 1302 3219 iactum

451 3263 503 3327 est,
522 3258 552 3311 in
570 3261 650 3311 tanta
668 3256 800 3311 librorum
821 3258 1067 3326 manuscriptorum
1085 3256 1163 3326 copia
1182 3260 1231 3311 aut
1247 3244 1303 3311 suis

451 3356 501 3407 aut
516 3351 612 3406 alienis
630 3351 793 3406 coniecturis
810 3350 951 3418 abutatur.
986 3349 1144 3404 iiiuduero
1159 3349 1323 3418 optandum

449 3448 481 3498 '¹²
488 3422 545 3513 ¹i²⁸i
554 3444 669 3512 00‘11'028,
686 3446 860 3515 praesertim
871 3447 1023 3504 Romanum
1033 3445 1265 3510 inuisimusque,
1280 3435 1348 3489 ddi-

428 3534 544 3600 geutr'us
560 3538 763 3599 excutiantur:
791 3543 825 3601 id
845 3546 932 3618 quod
948 3565 968 3605 2
987 3539 1173 3602 &offirmo
1188 3518 1369 3589 masadda

416 3621 588 3684 iamdudum
603 3642 830 3707 exspectamus,

735 3735 764 3770 ο
