3467 4367
666 901 696 950 P.
713 897 869 947 VERGILI
887 897 1052 946 MARONIS

637 1034 674 1107 G
691 1032 726 1103 E
744 1032 779 1105 Ο
797 1030 835 1103 R
852 1030 890 1104 G
907 1029 929 1101 I
949 1029 980 1104 C
999 1022 1088 1104 ΟΝ

692 1198 827 1253 meua
851 1196 1030 1252 paruus.

818 1390 917 1421 -μ-

436 1554 511 1618 Quin
529 1552 714 1608 scutimus
731 1560 848 1625 segetes,
867 1575 922 1628 que
940 1556 1031 1611 sidere
1048 1558 1153 1610 terram

437 1628 562 1694 Vertere,
580 1627 733 1698 Maecenas,
751 1632 888 1703 ulmisque
905 1634 1055 1699 adiungere
1074 1632 1137 1685 vitis

436 1704 592 1770 Conveniat,
612 1721 682 1773 quae
700 1722 765 1762 cura
784 1709 874 1778 boum,
893 1710 939 1779 qui
957 1708 1048 1761 cultus
1066 1707 1193 1761 habendo

436 1782 478 1836 Sit
494 1780 595 1851 pecori,
613 1780 711 1849 apibus
730 1790 833 1852 quauta
851 1783 1023 1853 experientia
1041 1784 1136 1852 parcis,

439 1859 510 1912 lllnc
528 1873 626 1910 cauere
644 1858 779 1927 incipiam.
817 1861 883 1927 Vos,
902 1877 918 1914 ο
936 1859 1087 1913 clarissima
1104 1859 1200 1922 mundi
1282 1871 1297 1912 s

437 1934 558 2001 Lumina,
578 1932 715 1988 labentem
735 1937 810 1991 caelo
829 1953 900 2006 quae
918 1935 1018 1989 ducitis
1037 1952 1154 2001 annum;

437 2012 519 2066 Liber
537 2013 567 2065 et
583 2009 655 2064 alma
677 2011 768 2081 Ceres,
787 2017 879 2067 restro
897 2013 920 2065 si
938 2029 1051 2065 munere
1069 2012 1151 2066 tellus

436 2086 583 2142 Chaoniam
601 2086 696 2155 pingui
716 2087 845 2156 glandem
863 2088 982 2142 mutavit
1000 2088 1091 2152 arista,

439 2165 591 2233 Peculaque
609 2164 731 2217 inventis
753 2164 885 2219 Acheloia
903 2164 1013 2218 miscuit
1032 2164 1107 2229 uvis3

439 2238 473 2294 m
490 2256 545 2308 ves,
563 2244 704 2308 agrestum
725 2242 883 2310 praesentia
900 2241 1017 2306 numina,
1039 2239 1133 2309 Fauni,
1273 2254 1301 2294 ιο

440 2316 522 2370 Tarte
539 2315 620 2369 simul
640 2315 783 2384 Faunique
801 2317 901 2385 pedem
920 2315 1100 2384 Dryadesque
1118 2316 1237 2384 puellae:

437 2390 554 2445 Munera
571 2393 663 2443 vestra
683 2406 756 2444 canc.
794 2391 890 2460 Tuque
909 2408 932 2455 ο,
950 2392 993 2445 cui
1011 2392 1100 2459 prima
1116 2392 1281 2446 frementem

438 2467 523 2522 Fudit
541 2482 643 2535 equum
664 2482 762 2533 magno
781 2466 863 2521 tellus
881 2484 1010 2537 percussa
1029 2468 1150 2536 tridenti,

438 2544 463 2596 N
466 2546 582 2613 eptuue;
604 2545 633 2595 et
653 2542 741 2595 cultor
759 2559 908 2612 nemorum,
926 2543 969 2597 cui
987 2543 1100 2612 pinguia
1119 2546 1190 2599 Ceae

438 2621 619 2675 Tercentum
640 2617 713 2671 nivei
732 2619 849 2674 tondent
867 2620 980 2674 dumeta
999 2620 1118 2688 iuvenci;
1275 2635 1301 2675 15

439 2698 510 2767 Ipse,
528 2711 625 2749 nemus
643 2694 772 2764 linquens
790 2696 911 2765 patrium
931 2698 1071 2767 saltusque
1091 2698 1194 2767 Lycaei,

440 2775 505 2842 Pan,
522 2772 614 2826 orium
634 2774 734 2841 custos,
754 2776 803 2828 tua
820 2774 843 2828 si
861 2774 914 2829 tibi
933 2774 1060 2828 Maenala
1077 2790 1166 2841 curae,

440 2850 533 2918 Adsis,
550 2865 567 2903 ο
586 2848 716 2917 Tegeaee,
737 2850 838 2919 favens,
860 2851 992 2919 oleaeque
1012 2849 1136 2902 Minerva

441 2925 592 2993 Inventrix,
612 2926 729 2994 uncique
749 2944 818 2997 puer
837 2929 1006 2981 monstrator
1024 2925 1116 2990 aratri,
1258 2975 1267 2992 ,

441 3003 618 3057 attererem
636 3002 671 3055 ab
689 3004 782 3059 radice
801 3006 900 3071 ferens,
922 3001 1037 3068 Silvano,
1055 3018 1221 3070 cupressum,
1276 3018 1303 3057 ae

442 3078 533 3147 Dique
551 3078 674 3148 deaeque
692 3097 792 3146 omues,
814 3080 936 3134 studium
958 3076 1057 3145 quibus
1075 3093 1140 3130 arva
1157 3079 1237 3146 tucri,

443 3156 550 3224 Quique
567 3172 651 3209 novas
669 3157 743 3210 alitis
763 3174 817 3211 non
836 3156 892 3209 ullo
912 3153 1015 3207 semine
1032 3153 1131 3222 fruges,

443 3231 551 3301 Quique
570 3232 637 3287 satis
655 3232 762 3302 largum
783 3232 858 3286 caelo
879 3229 1027 3284 demittitis
1045 3230 1176 3296 imbrem;

444 3307 539 3377 Tuque
557 3310 634 3376 adeo,
655 3325 737 3379 quem
756 3324 819 3362 mox
838 3324 909 3377 quae
930 3306 985 3361 sint
1003 3307 1130 3362 habitura
1147 3307 1260 3361 deorum

445 3382 569 3453 eoncilia,
587 3386 724 3440 incertum
743 3387 793 3452 est,
810 3383 929 3438 urbesue
948 3384 1073 3453 invisere,
1092 3383 1200 3450 Caesar,
1277 3397 1304 3437 aa

431 3455 459 3505 Τ
453 3473 640 3530 &nurumque
659 3461 729 3517 velis
746 3479 852 3532 curam,
872 3465 903 3519 et
919 3464 951 3518 te
968 3477 1118 3517 maxumus
1133 3458 1211 3511 arnna

413 3528 577 3591 Auctorem
597 3539 717 3608 furgum
738 3545 1014 3616 tempestatumque
1030 3537 1183 3607 patentem

413 3600 546 3675 ¹0⁰¹'P1‘2t
568 3614 698 3687 cingens
718 3625 859 3679 materna
879 3626 1020 3693 empore
1037 3614 1149 3680 milwe
