3467 4367
465 606 513 654 228
697 606 728 655 P.
746 604 901 654 VERGILI
919 604 1085 654 MARONIS

374 682 379 688 ’
465 688 583 754 Aeneas,
602 686 678 741 tristi
694 685 823 741 turbatus
840 688 954 754 pectora
972 684 1052 752 bello,

465 758 613 817 Procubuit
631 778 776 830 seramque
794 761 873 815 dedit
890 779 940 829 per
957 763 1081 816 membra
1098 764 1230 833 quietem.
1297 779 1323 819 oo

465 838 539 894 Huic
557 839 626 894 deus
643 839 702 908 ipse
718 837 770 891 loci
789 837 871 890 fluvio
890 838 1032 892 Tiberinus
1049 856 1163 894 amoeno

465 914 601 985 Populeas
617 916 692 967 inter
710 913 801 967 senior
818 931 848 968 se
866 913 993 967 attollere
1011 914 1123 969 frondes

465 991 565 1058 Visus3
589 1008 652 1046 eum
670 991 762 1045 tenuis
780 991 876 1058 glauco
894 989 1004 1044 velabat
1021 991 1122 1045 amictu

465 1067 609 1138 (larbasns,
628 1070 658 1121 et
675 1067 759 1121 crinis
776 1066 906 1120 umbrosa
923 1066 1037 1134 tegebat
1054 1068 1174 1134 arunde;

464 1143 533 1217 Tum
550 1144 589 1197 sic
607 1143 695 1197 adfari
713 1146 742 1196 et
760 1158 839 1196 curas
856 1142 901 1196 his
919 1142 1032 1197 demere
1050 1142 1144 1198 dietis:
1296 1160 1321 1200 as

500 1219 523 1273 0
542 1224 602 1274 sate
619 1223 703 1288 gente
720 1219 810 1287 deum,
830 1219 974 1272 Troianam
993 1236 1028 1273 ex
1045 1219 1170 1274 hostibus
1187 1220 1285 1276 urbem

465 1294 518 1359 Qui
536 1296 643 1350 revehis
661 1295 740 1349 nobis
758 1299 927 1364 aeternaque
947 1296 1081 1363 Pergama
1098 1313 1198 1364 servas,

464 1371 631 1441 Exspectate
649 1372 706 1426 solo
726 1371 857 1425 Laurenti
875 1372 1002 1439 arvisque
1021 1371 1135 1440 Latinis,

465 1446 520 1502 Hic
537 1448 588 1503 tibi
607 1452 683 1503 certa
701 1448 807 1516 domus,
825 1448 900 1512 certi,
918 1463 954 1501 ne
972 1447 1082 1515 absiste,
1102 1448 1234 1515 Penates;

464 1522 491 1576 N
492 1540 527 1577 eu
544 1524 609 1578 belli
627 1528 739 1578 terrere*
751 1523 846 1588 minis;
866 1525 959 1576 tumor
977 1523 1064 1577 omnis
1082 1527 1111 1578 et
1128 1524 1185 1579 irae
1294 1540 1320 1581 so

464 1599 629 1655 Concessere
647 1600 738 1653 deum.

465 1675 579 1743 Iamque
597 1676 656 1742 tihi,
674 1693 709 1730 ne
727 1693 798 1730 vana
815 1680 897 1744 putes
915 1677 983 1731 haec
1000 1678 1105 1746 fingere
1123 1693 1255 1746 somnum,

449 1751 583 1806 ¹Litoreis
601 1752 698 1819 ingens
715 1753 827 1806 inventa
844 1751 895 1804 sub
913 1751 1021 1806 ilicibus
1039 1770 1093 1821 sus,

417 1861 420 1868 ·
463 1828 588 1895 Triginta
605 1828 726 1896 capitum
744 1827 818 1880 fetus
835 1826 924 1895 enixa,
942 1827 1051 1897 iacebit,

465 1903 545 1971 Alba,
564 1904 623 1957 solo
639 1903 782 1971 recubans,
800 1902 856 1956 albi
874 1904 976 1957 circum
993 1904 1080 1958 ubera
1097 1904 1163 1979 nati.
1293 1921 1318 1962 4⁵

464 1979 519 2033 Hic
535 1979 610 2033 locus
629 1978 705 2032 urbis
723 1979 784 2046 erit,
803 1979 913 2047 requies
931 1996 964 2033 ea
981 1984 1057 2035 certa
1073 1980 1206 2051 laborum,

463 2055 507 2108 lix
526 2055 739 2126 quaterdenis
758 2054 853 2109 urbem
872 2055 1053 2110 redeuntibus
1071 2057 1148 2112 anuis

463 2132 597 2186 Ascanius
614 2132 681 2187 clari
698 2131 799 2186 condet
816 2132 985 2199 cognominis
1004 2132 1112 2186 Albam.

463 2207 548 2261 Haud
565 2208 670 2263 incerta
687 2224 762 2262 cano.
799 2207 881 2260 Nunc
898 2224 952 2276 qua
969 2208 1085 2275 ratione,
1103 2209 1177 2277 quod
1195 2210 1289 2279 instat,

407 2295 410 2300 ·
462 2283 600 2352 Expedias
617 2284 712 2351 vietor,
729 2284 831 2352 paucis,
850 2283 972 2351 adverte,
992 2284 1102 2338 docebo.
1293 2300 1319 2339 oo

462 2361 588 2414 Arcados
605 2360 648 2413 his
666 2361 728 2427 oris,
745 2376 833 2427 genus
851 2376 868 2413 a
886 2359 1011 2415 Pallante
1027 2361 1188 2430 profectum,

461 2435 514 2499 Qui
532 2452 626 2503 regern
645 2436 804 2489 Euandrum
822 2435 944 2503 comites,
963 2436 1011 2504 qni
1031 2437 1108 2504 signa
1125 2438 1221 2505 secuti,

462 2511 596 2579 Delegere
612 2512 701 2565 locum
720 2514 749 2564 et
766 2526 882 2579 posuere
901 2511 929 2564 in
947 2512 1086 2565 montibus
1103 2513 1201 2566 urbem

462 2586 594 2640 Pallantis
610 2586 704 2655 proavi
722 2585 758 2639 de
777 2586 886 2639 nomine
906 2585 1084 2641 Pallanteum.

462 2662 501 2715 Hi
517 2661 620 2716 bellum
638 2661 753 2715 adsidue
772 2661 877 2714 ducunt
894 2678 956 2715 curn
974 2666 1057 2730 gente
1076 2663 1190 2728 Latina3
1290 2679 1318 2719 ee

461 2738 522 2791 Hos
538 2738 635 2793 castris
653 2737 754 2791 adhibe
771 2737 865 2803 socios,
884 2740 913 2791 et
930 2738 1042 2792 foedera
1059 2740 1148 2807 iunge.

462 2814 526 2882 Ipse
543 2831 594 2883 ego
613 2818 641 2869 te
658 2814 725 2883 ripis
743 2816 772 2867 et
789 2815 865 2868 recto
884 2813 994 2867 flumine
1012 2815 1118 2883 ducam,

461 2890 618 2944 Adversum
635 2891 718 2945 remis
736 2906 850 2958 superes
868 2888 1016 2943 subvectus
1033 2895 1065 2943 ut
1083 2907 1197 2944 amnem.

461 2966 550 3034 Surge
567 2983 627 3035 age,
645 2971 710 3021 nate
729 2966 789 3033 dea,
807 2965 957 3034 primisque
975 2965 1137 3020 cadentibus
1154 2966 1237 3021 astris

461 3041 560 3095 Iunoni
578 3042 621 3096 fer
638 3043 692 3095 rite
709 3058 813 3111 preces,
831 3040 957 3108 iramque
975 3041 1118 3109 minasque
1291 3058 1316 3099 oo

460 3118 634 3188 supplicibus
652 3135 751 3187 supera
768 3118 848 3172 votis.
886 3116 956 3169 Mihi
975 3117 1063 3171 victor
1079 3118 1210 3172 honorem

461 3193 612 3249 Persolves.
648 3195 706 3262 Ego
725 3210 792 3260 sum,
810 3194 891 3262 pleno
909 3210 991 3261 quem
1009 3193 1120 3247 flumine
1138 3194 1227 3248 cernis

459 3269 646 3338 Stringcntem
664 3270 738 3338 ripas
756 3271 786 3322 et
802 3269 915 3336 pinguia
932 3268 1006 3322 culta
1022 3273 1168 3337 secantem,

460 3345 607 3399 Caeruleus
625 3344 749 3412 Thybris,
767 3343 842 3397 caelo
860 3344 1032 3411 gratissimus
1048 3345 1142 3398 amnis

453 3421 515 3473 Hic
531 3420 597 3472 mihi
616 3436 715 3488 magna
733 3420 837 3486 domus,
856 3419 936 3473 celsis
953 3424 1037 3487 caput
1054 3419 1175 3488 urbibus,
1194 3423 1260 3476 exit
1289 3436 1315 3477 es

476 3494 567 3562 Dirit,
588 3496 694 3552 deinde
713 3497 776 3552 lacu
796 3495 910 3552 Tluvius
928 3512 959 3550 se
976 3495 1100 3551 condidit
1114 3496 1181 3560 alto,

397 3561 639 3678 isfflflsteteuu
661 3593 723 3632 nox
744 3580 870 3633 Aenean
890 3588 1065 3643 somnusque
1079 3569 1204 3658 rehqmt.

408 3635 527 3715 ⁸⁸18&
548 3653 589 3720 ei,
611 3655 741 3715 aetherii
763 3661 908 3731 spectans
925 3652 1055 3711 orientia
1069 3646 1149 3704 huius
