3467 4367
452 638 498 684 ³26
684 638 712 686 P.
730 636 883 685 VERGILI
900 635 1067 685 MARONIS

452 715 513 770 Hoc
533 734 661 773 concussa
678 721 754 771 metu
772 720 893 769 mentem
912 716 1028 769 Iuturna
1044 716 1137 784 virago

451 793 585 862 Aurigam
603 795 688 849 Turni
704 792 796 847 media
813 794 886 846 inter
903 793 961 845 lora
978 792 1123 846 Metiscum

450 867 570 938 Excutit,
588 875 618 925 et
635 872 716 938 longe
733 870 840 937 lapsum
858 872 968 922 temone
986 868 1129 937 relinquit;
1268 881 1305 923 470

451 942 517 1011 Ipsa
533 946 614 1011 subit,
631 944 811 1012 manibusque
828 942 959 997 undantis
975 943 1063 999 flectit
1081 943 1209 1011 habenas,

451 1019 557 1075 Cuncta
573 1038 679 1090 gerens,
695 1035 844 1092 vocemque
862 1023 891 1073 et
909 1035 1007 1088 corpus
1024 1022 1054 1073 et
1071 1035 1147 1073 arma
1165 1018 1282 1073 Metisci

450 1095 537 1163 Nigra
554 1097 630 1151 velut
646 1112 758 1164 magnas
776 1094 879 1149 domini
896 1111 959 1148 cum
977 1095 1070 1149 divitis
1087 1095 1170 1149 aedes

451 1170 580 1227 Pervolat
597 1176 627 1227 et
644 1172 741 1241 pennis
758 1171 815 1225 alta
832 1170 904 1225 atria
921 1170 1022 1225 lustrat
1039 1170 1164 1236 hirundo,

452 1247 554 1302 Pabula
571 1265 656 1317 parva
672 1248 766 1315 legens
791 1251 919 1318 nidisque
949 1246 1107 1315 loquacibus
1125 1263 1216 1311 eseas;
1267 1260 1304 1302 47⁵

454 1323 488 1375 Et
505 1340 576 1377 nune
594 1323 744 1394 porticibus
762 1320 860 1387 vacuis,
879 1338 949 1375 nunc
967 1322 1080 1375 humida
1097 1323 1199 1376 circum

451 1398 553 1467 Stagna
570 1403 661 1455 sonat:
680 1398 775 1453 similis
792 1397 898 1450 medios
916 1397 1033 1451 Iuturna
1049 1414 1100 1467 per
1117 1397 1205 1451 hostis

451 1473 553 1528 Fertur
570 1477 654 1544 equis,
673 1474 824 1543 rapidoque
841 1473 934 1527 volans
951 1472 1010 1528 obit
1028 1474 1118 1527 omnia
1136 1490 1233 1539 eurru;

452 1549 566 1619 Iamque
577 1551 621 1605 hic
632 1567 800 1620 germanum,
810 1549 919 1617 iamque
931 1548 975 1602 hic
987 1552 1109 1604 ostentat
1120 1554 1264 1616 ovantem3

450 1625 476 1678 N
478 1642 510 1679 ec
527 1628 649 1681 conferre
659 1645 770 1683 manum
777 1624 981 1698 patitur3volat
998 1624 1060 1678 avia
1077 1625 1164 1693 longe.
1265 1639 1303 1679 aso

451 1701 535 1754 Haud
553 1703 643 1755 minus
661 1703 770 1755 Aeneas
787 1704 875 1755 tortos
892 1700 961 1768 legit
978 1699 1073 1754 obvius
1091 1700 1172 1768 orbis,

450 1776 632 1844 Vestigatque
650 1777 738 1829 virum
755 1779 785 1829 et
802 1775 917 1829 disiecta
932 1792 983 1844 per
1001 1777 1110 1844 agmina
1126 1793 1227 1845 magna

450 1852 526 1907 Voce
543 1855 630 1907 vocat.
667 1852 799 1916 Quotiens
816 1852 908 1905 oculos
925 1853 1041 1907 coniecit
1058 1853 1086 1905 in
1104 1852 1219 1921 hostem,

450 1928 655 1997 Alipedumque
672 1927 765 1994 lugam
781 1943 863 1980 cursu
880 1928 1028 1997 temptavit
1045 1944 1184 1996 equorum,

450 2005 572 2058 Aversos
589 2004 691 2059 totiens
709 2018 805 2057 currus
824 2002 941 2075 Iuturna
958 2003 1081 2058 retorsit.
1264 2019 1302 2058 sss

450 2080 522 2146 Heu,
541 2080 609 2148 quid
626 2080 707 2147 agati
743 2077 828 2132 Vario
845 2078 1011 2148 nequiquam
1029 2079 1144 2134 fluctuat
1161 2083 1249 2147 aestu,

450 2154 636 2224 Diversaeque
655 2157 753 2209 vocant
770 2155 892 2208 animum
909 2154 937 2207 in
954 2155 1091 2209 contraria
1108 2171 1196 2209 curae.

451 2230 524 2286 Huic
542 2231 693 2299 Messapus,
710 2230 752 2284 uti
769 2229 847 2284 laeva
865 2230 920 2284 duo
937 2230 1009 2284 forte
1025 2231 1141 2299 gerebat

450 2304 546 2375 Lenta,
562 2306 630 2360 levis
647 2322 736 2373 cursu,
752 2306 875 2374 praefixa
891 2305 1001 2359 hastilia
1017 2307 1097 2372 ferro,

450 2376 558 2435 Horum
575 2398 660 2436 unum
678 2385 753 2435 certo
771 2386 954 2451 contorquens
971 2381 1068 2450 dirigit
1085 2382 1148 2436 ictu
1264 2397 1302 2438 too

450 2455 580 2510 Substitit
598 2459 715 2524 Aeneas,
734 2459 763 2511 et
780 2472 810 2510 se
827 2457 938 2525 collegit
955 2456 984 2510 in
1001 2474 1083 2523 arma,
1206 2467 1208 2471 “

450 2530 558 2600 Poplite
575 2531 735 2598 subsidens3
752 2531 856 2601 apicem
874 2536 967 2588 tamen
985 2533 1069 2587 incita
1086 2550 1224 2589 summum

451 2607 540 2660 Hasta
557 2608 629 2672 tulit,
648 2624 821 2676 summasque
838 2609 958 2663 exclusit
975 2610 1078 2663 vertice
1096 2609 1200 2663 cristas.

449 2682 517 2735 'lum
535 2700 600 2736 vero
618 2683 770 2751 adsurgunt
787 2683 860 2750 irae;
877 2683 1039 2754 insidiisque
1057 2683 1193 2753 subactus,

448 2758 578 2812 Diversos
595 2758 643 2812 ubi
660 2758 746 2812 sentit
763 2775 848 2827 equos
865 2776 1030 2828 currumque
1047 2760 1151 2829 referri,
1264 2776 1301 2815 aas

449 2833 539 2887 Multa
558 2835 650 2888 Iovem
668 2837 697 2887 et
714 2834 781 2887 laesi
799 2837 918 2889 testatus
936 2835 1055 2889 foederis
1072 2852 1142 2904 aras,

451 2909 510 2962 Iam
529 2910 641 2964 tandem
658 2909 764 2964 invadit
781 2909 894 2978 medios,
912 2913 941 2964 et
961 2911 1050 2965 Marte
1068 2910 1188 2965 secundo

449 2986 589 3039 Terribilis
606 3003 714 3040 saevam
730 2985 805 3038 nullo
823 2986 979 3040 discrimine
997 2987 1108 3041 caedem

449 3061 576 3129 Suscitat,
594 3063 750 3130 irarumque
767 3061 854 3116 omnis
872 3062 989 3117 effundit
1007 3063 1136 3117 habenas.

483 3137 550 3201 Quis
562 3138 628 3192 mihi
640 3155 712 3192 nunc
725 3142 769 3193 tot
783 3139 882 3193 acerba
898 3139 973 3207 deus,
987 3140 1048 3207 quis
1065 3139 1185 3194 carmine
1199 3141 1301 3196 caedes

451 3213 585 3281 Diversae,
602 3214 763 3283 obitumque
781 3214 888 3283 ducum,
906 3231 974 3283 quos
992 3231 1110 3284 aequore
1128 3219 1187 3270 toto

453 3289 538 3356 lnque
556 3289 641 3342 vicem
658 3306 730 3343 nunc
748 3290 855 3343 'turnus
873 3291 938 3360 agit,
955 3307 1026 3345 nunc
1044 3291 1141 3345 Troius
1157 3291 1247 3361 heros,

382 3423 383 3426 Ἰ
451 3363 604 3433 Expediatl
621 3366 725 3419 tauton'
742 3366 845 3434 placuit
863 3383 1023 3421 concurrere
1041 3370 1145 3433 motu,¹

448 3440 582 3510 luppiter,
600 3445 713 3495 aeterna
730 3441 820 3510 gentis
837 3442 865 3495 in
883 3459 949 3511 pace
967 3443 1091 3498 futurasl

433 3519 551 3574 Aeneas
569 3519 710 3576 Rutulum
729 3519 963 3587 Sucronem—ea
975 3519 1067 3587 prima
1080 3518 1187 3570 mentis
1263 3534 1300 3572 sos

418 3595 526 3666 Pugna
542 3599 611 3659 loco
628 3600 740 3659 statuit
759 3595 1005 3655 'teucros-baud
1018 3592 1111 3644 inulta
1123 3594 1286 3651 morantem,

414 3672 532 3748 Excipit
553 3680 587 3739 in
608 3684 702 3756 latus,
721 3683 768 3751 et,
789 3694 851 3752 qua
871 3673 934 3731 iata
951 3666 1111 3728 celerrima,
1124 3660 1245 3712 crudum
