3467 4367
473 618 520 668 loe
709 616 740 667 P.
759 614 915 666 VERGILI
932 616 1101 665 MARONIS

471 695 535 751 Non
551 697 629 753 licuit
645 696 758 753 thalami
775 698 918 769 expertem
936 695 995 750 sine
1013 696 1128 751 crimine
1145 698 1230 754 vitam
1292 715 1329 757 tto

472 773 588 844 Degere,
606 791 683 829 more
700 772 783 838 ferae,
801 771 864 825 talis
883 788 934 826 nec
952 775 1069 841 tangere
1086 779 1179 831 curas!

471 849 535 903 Non
552 855 660 905 servata
676 850 753 915 fides,
772 848 857 902 cineri
875 850 1011 917 premissa
1030 849 1188 919 Sychaeol‘

471 925 573 980 'lantes
590 926 638 981 illa
654 943 703 981 suo
720 924 867 992 rumpebat
886 929 998 996 pectore
1016 918 1137 997 questus.

506 1004 617 1058 Aeneas
633 1004 707 1058 celsa
722 1002 752 1055 in
769 1003 862 1072 puppi,
881 1004 934 1057 iam
953 1008 1045 1058 certus
1063 1004 1155 1074 eundi,

470 1078 610 1149 carpebat
627 1096 742 1148 somnos,
760 1079 843 1134 rebus
860 1079 917 1134 iam
935 1080 989 1134 rite
1007 1082 1117 1151 paratis
1204 1098 1207 1104 ·
1290 1098 1328 1139 oss

471 1154 545 1210 Huic
561 1174 591 1211 se
608 1157 696 1211 forma
714 1156 760 1211 dci
778 1156 857 1211 voltu
877 1157 1020 1211 redeuntis
1038 1158 1135 1211 eodem

470 1230 579 1287 Obtulit
596 1232 624 1287 in
641 1234 751 1302 somnis,
768 1250 918 1303 rursusque
937 1234 977 1287 ita
994 1233 1053 1287 visa
1070 1250 1182 1289 monere
1198 1238 1249 1303 est,

470 1307 570 1362 Omnia
587 1309 724 1364 Mercurio
742 1307 845 1377 similis,
864 1326 1014 1378 vocemque
1032 1310 1205 1380 coloremque

455 1384 507 1447 Et
524 1386 606 1439 crinis
622 1387 706 1441 flavos
725 1391 754 1442 et
772 1385 895 1441 membra
912 1385 1013 1440 decora
1028 1387 1153 1442 iuventa:

469 1460 544 1515 Nate
560 1463 620 1531 dea,
637 1467 718 1532 potes
735 1464 787 1518 hoc
805 1463 857 1517 sub
875 1479 940 1518 essu
958 1463 1060 1516 ducere
1076 1479 1193 1531 somnos,
1289 1480 1328 1520 roo

469 1534 535 1602 Nec,
553 1554 624 1606 quae
640 1544 671 1595 te
687 1540 789 1595 circum
807 1544 883 1595 stent
900 1538 1002 1593 deinde
1018 1539 1147 1608 pericula,
1164 1540 1261 1608 cernis,

469 1611 597 1683 Demens,
613 1633 664 1670 nee
682 1617 821 1686 Zephyros
838 1614 918 1671 audis
936 1617 1041 1686 spirare
1059 1616 1210 1671 secundosl

469 1687 524 1743 Illa
540 1690 618 1745 dolos
635 1692 781 1761 dirumque
799 1692 876 1746 nefas
893 1692 922 1744 in
939 1695 1051 1761 pectore
1069 1694 1168 1758 versat,

446 1764 555 1855 scorta
570 1768 645 1834 mori,
664 1768 794 1835 varioque
811 1768 915 1821 irarum
934 1768 1049 1821 fluctuat
1066 1770 1151 1821 aestu.

469 1838 495 1893 N
496 1857 532 1894 on
543 1842 615 1910 fugis
626 1843 690 1897 binc
701 1860 840 1913 praeceps,
853 1843 919 1897 dum
933 1844 1113 1914 praecipitare
1125 1845 1264 1913 potestasl
1288 1858 1325 1900 5oe

469 1914 531 1971 Iam
547 1934 623 1972 mare
639 1918 747 1973 turbari
766 1918 899 1987 trabibus,
918 1936 1067 1989 saevasque
1084 1919 1192 1976 videbis
1210 1919 1233 1944 ‘

460 1992 618 2064 ,Conlueere
634 1994 714 2063 faces,
733 1995 789 2049 iam
806 1996 913 2051 fervere
931 1996 1014 2051 litora
1031 1996 1156 2065 flammis,

468 2068 498 2124 si
515 2073 546 2124 te
561 2070 604 2125 his
620 2072 747 2140 attigerit
763 2073 847 2126 terris
866 2073 978 2127 Aurora
994 2075 1153 2127 morantem

468 2144 542 2201 Heia
558 2164 616 2217 age,
634 2165 732 2218 rumpe
750 2165 848 2204 moras.
885 2148 1001 2202 Varium
1018 2152 1049 2203 et
1065 2147 1199 2202 mutabile
1215 2163 1325 2218 semper

468 2221 587 2279 Femina
623 2224 670 2281 Sic
686 2226 761 2281 fatus
777 2225 851 2280 nocti
869 2242 900 2280 se
917 2225 1055 2280 inmiscuit
1072 2227 1156 2279 atrae.
1285 2240 1324 2280 oro

502 2299 571 2353 'lum
589 2317 654 2355 vero
673 2303 790 2370 Aeneas,
809 2301 908 2356 subitis
929 2301 1078 2355 exterritus
1094 2299 1207 2370 urnbris,

467 2373 588 2445 Corripit
605 2393 621 2431 e
638 2394 733 2431 somno
750 2395 848 2447 corpus
867 2377 1010 2446 sociosque
1027 2377 1140 2445 fatigat3

468 2450 637 2520 Praecipites
653 2452 773 2521 vigilate,
792 2454 850 2520 viri,
870 2457 901 2507 et
918 2452 1052 2508 considite
1069 2450 1212 2519 transtris;

467 2524 570 2580 Solvite
587 2528 649 2581 vela
665 2529 720 2583 citi.
757 2530 832 2583 Deus
849 2529 963 2583 aethere
982 2530 1081 2583 missus
1098 2528 1133 2582 ab
1150 2528 1208 2583 alto

467 2600 612 2655 Festinare
627 2603 721 2671 fugam
738 2608 883 2673 tortosque
899 2604 1023 2659 incidere
1042 2604 1115 2657 lunis
1287 2618 1325 2659 crs

466 2676 538 2730 llere
554 2677 656 2732 iterum
673 2673 813 2734 stimule‘t'
841 2680 989 2750 Sequimur
1006 2685 1042 2749 te,
1060 2683 1153 2735 sancte
1171 2679 1294 2752 demum,

466 2750 597 2821 Quisquis
614 2770 651 2821 es,
668 2754 829 2825 inperioque
847 2756 948 2811 iterum
965 2773 1092 2825 paremus
1109 2760 1229 2811 ovantes

466 2827 553 2881 Adsis
570 2845 587 2884 o
604 2830 781 2900 placidusque
798 2833 882 2900 iuves,
902 2837 932 2887 et
949 2832 1041 2887 sidera
1058 2833 1132 2887 eaelo

466 2903 574 2959 Dextra
591 2905 670 2961 feras
707 2907 794 2976 Dixit,
814 2909 967 2977 vaginaque
986 2909 1068 2977 eripit
1085 2923 1179 2962 ensem

466 2978 646 3051 Fulmineum,
665 2984 818 3053 strictoque
835 2984 902 3039 ferit
919 2984 1072 3038 retinacula
1087 2984 1168 3038 ferro.
1286 2996 1324 3037 seo

466 3054 547 3111 idem
564 3059 652 3112 omnis
669 3060 750 3114 simul
767 3060 851 3115 ardor
867 3058 960 3128 habet,
980 3061 1146 3130 rapiuntque
1162 3060 1316 3129 ruuntqu03

466 3130 561 3186 Litora
578 3133 740 3210 deseruere;
757 3136 827 3191 latet
844 3136 896 3190 sub
913 3135 1046 3191 classibus
1063 3152 1181 3207 aequor3

466 3206 571 3262 Adnisi
586 3213 718 3280 torquent
736 3228 846 3281 spumas
864 3215 894 3265 et
911 3213 1020 3267 caerula
1038 3216 1161 3268 verrunt.

500 3283 537 3339 Fit
554 3284 609 3339 iam
625 3286 715 3355 prima
731 3303 800 3342 novo
819 3286 966 3357 spargebat
983 3288 1087 3343 lumine
1104 3292 1194 3343 terras

453 3357 576 3414 v'Pithoni
594 3377 719 3416 croceum
737 3362 864 3431 linquens
884 3364 993 3418 Aurora
1011 3364 1108 3420 cubile.
1284 3380 1323 3422 tes

456 3434 569 3499 Regina
586 3452 604 3489 e
619 3436 739 3506 speculis
756 3440 789 3491 ut
805 3438 924 3508 primum
942 3439 1082 3494 albescere
1098 3440 1188 3495 lucem

449 3505 531 3589 lfidrt
547 3512 580 3563 et
596 3513 731 3584 aequatis
748 3514 871 3573 classem
887 3516 1043 3588 procedere
1057 3516 1137 3584 uelis,

425 3573 594 3653 Dumque
613 3594 644 3647 et
665 3610 774 3653 vacuos
793 3595 888 3655 sensit
905 3593 1099 3663 sineremus
1112 3593 1226 3661 portus,

378 3731 380 3754 k
414 3645 476 3703 ⁹⁷⁶¹
474 3670 536 3725 91¹0
556 3671 732 3746 quaterque
753 3693 850 3734 manu
868 3678 978 3751 pectus
992 3684 1137 3747 putem
1151 3665 1288 3720 mm
