3467 4367
693 632 878 680 AENEIDOS
899 632 967 682 ΜΒ,
991 632 1028 681 ΙΙ.
1245 632 1290 677 119

432 711 529 780 Arma,
546 709 606 778 viri,
623 710 696 765 ferte
714 728 804 775 arrna3
823 714 902 765 vocat
919 711 967 764 lux
984 711 1083 766 ultima
1101 711 1193 767 victos.

433 785 556 840 Reddite
573 803 618 840 me
637 787 752 852 Danaie3
772 788 852 841 sinite
868 788 1021 841 instaurata
1039 783 1156 842 revisam

433 861 549 915 Proelia.
584 861 741 931 Numquam
759 880 852 917 omnes
871 863 951 917 hodie
969 865 1117 918 moriemur
1133 864 1238 944 inum>
1255 875 1292 917 cio

469 937 543 991 Hinc
560 938 635 992 ferro
654 940 780 1006 accingor
798 956 892 993 rursus
911 940 1052 1009 clipeoque
1071 941 1217 994 sinistram

433 1014 609 1079 Insertabam
627 1018 725 1083 aptans
743 1023 841 1083 meque
859 1019 940 1069 extra
956 1018 1031 1069 tecta
1048 1016 1178 1072 ferebam,

433 1091 506 1144 Eece
523 1094 617 1144 autem
636 1091 768 1158 conplexa
786 1091 872 1158 pedes
889 1091 918 1144 in
935 1091 1027 1145 limine
1046 1093 1162 1145 coniunx

435 1166 585 1234 Haerebat,
604 1182 773 1235 parvumque
790 1166 863 1232 patri
881 1166 1015 1221 tendebat
1035 1168 1138 1223 Iulum:

434 1245 463 1299 Si
481 1243 621 1311 periturus
639 1242 706 1310 abis,
723 1246 755 1297 et
771 1259 821 1295 nos
838 1259 905 1312 rape
923 1243 951 1295 in
962 1244 1060 1309 ,omnia
1077 1248 1184 1308 tecum;
1256 1258 1292 1297 675

434 1321 482 1374 Sin
500 1320 619 1388 aliquam
638 1321 770 1387 expertus
787 1320 904 1389 sumptis
921 1336 998 1388 spem
1016 1320 1093 1388 ponis
1111 1320 1139 1373 in
1157 1320 1246 1387 annia,

437 1398 517 1450 Hanc
534 1397 653 1465 primum
671 1399 764 1450 tutare
783 1395 902 1450 domum.
938 1396 989 1450 Oui
1006 1413 1106 1465 parvus
1125 1394 1211 1463 Iulus,

436 1475 487 1529 Cui
505 1478 586 1543 pater
604 1475 634 1526 et
652 1472 767 1526 coniunx
786 1472 925 1540 quondam
943 1475 993 1526 tua
1010 1472 1086 1525 dicta
1103 1471 1258 1541 relinquorl

470 1550 546 1604 Talia
564 1549 716 1602 vociferans
734 1548 841 1615 gemitu
858 1552 963 1603 tectum
982 1565 1063 1621 omnp
1081 1548 1213 1618 replebat,

435 1626 505 1691 Cum
524 1624 645 1679 subitum
664 1625 795 1696 dictuque
813 1625 900 1677 oritur
918 1625 1041 1680 mirabile
1060 1628 1220 1679 monstrum.
1256 1640 1293 1679 oen

435 1702 562 1770 Namque
579 1718 676 1754 manus
693 1701 767 1753 inter
785 1703 1006 1774 maestorumque
1025 1718 1073 1756 ora
1090 1704 1237 1771 parentum

436 1780 507 1833 Eece
523 1778 593 1831 levis
611 1794 716 1830 summo
735 1776 770 1829 de
789 1777 891 1831 vertice
910 1778 1056 1832 visualuli

436 1855 565 1909 Fundere
583 1854 674 1907 lumen
692 1870 769 1922 apex,
788 1846 1049 1922 tactuque⁸innoxia
1066 1856 1156 1908 mollis

437 1931 572 1985 lambere
590 1931 699 1984 flamma
716 1946 807 1983 comas
825 1934 854 1984 et
872 1931 973 1985 circum
991 1935 1116 2001 tempora
1134 1930 1214 2000 pasci.

436 2008 495 2061 Noa
513 2007 605 2077 pavidi
622 2005 763 2075 trepidare
781 2010 865 2075 metu,
875 2007 1032 2076 crinemque
1050 2008 1212 2075 flagrantem
1257 2020 1294 2059 cae

437 2084 576 2139 Excutere
594 2086 623 2137 et
641 2086 749 2135 sanctos
767 2082 938 2149 restinguere
956 2082 1076 2137 lontibus
1094 2083 1173 2150 ignis.
1201 2140 1207 2146 ,

438 2160 480 2214 At
496 2163 577 2229 pater
595 2158 731 2212 Anchises
749 2157 840 2209 oculos
858 2158 895 2210 ad
913 2159 1004 2212 sidera
1022 2160 1110 2212 laetus
1169 2151 1192 2163 ’
1293 2219 1296 2225 ,

438 2235 554 2303 Extulit,
572 2237 601 2289 et
618 2234 693 2288 caelo
711 2232 816 2301 palmas
834 2248 897 2286 eum
914 2251 979 2287 voce
997 2234 1132 2289 tetendit:
1181 2255 1200 2266 ⁰
1218 2249 1224 2258 ·
1253 2245 1256 2250 '

439 2312 566 2380 Iuppiter
583 2311 762 2378 omnipotens,
780 2307 908 2376 precibus
926 2311 948 2362 ei
967 2310 1086 2363 flecteris
1104 2310 1174 2378 ullis,

439 2387 541 2456 Aspice
558 2404 622 2453 nos;
641 2388 693 2441 hoe
710 2391 834 2451 tantum;
852 2387 889 2453 et,
907 2386 930 2438 ei
947 2386 1052 2454 pietate
1070 2402 1213 2451 meremur,
1259 2400 1295 2439 eoo

438 2462 483 2518 Da
499 2464 600 2518 deinde
617 2464 754 2530 auxilium,
772 2465 860 2532 pater,
879 2464 963 2531 atque
981 2462 1049 2515 haee
1066 2463 1156 2516 omina
1172 2462 1257 2515 firma.
1306 2491 1313 2500 ·

439 2540 494 2593 Vix
512 2556 544 2593 ea
561 2540 635 2595 fatus
653 2544 714 2595 erat
731 2541 829 2607 senior,
848 2540 995 2609 subitoque
1013 2540 1122 2607 fragore

439 2614 565 2671 Intonuit
582 2617 697 2686 laeumr,
715 2624 744 2673 et
763 2619 798 2672 de
816 2618 892 2673 caelo
910 2618 986 2687 lapsa
995 2633 1054 2685 ,per
1071 2615 1182 2671 umbrae

438 2692 526 2748 Stella
542 2694 629 2748 facem
647 2695 750 2749 ducens
767 2695 854 2749 multa
872 2711 933 2748 cum
951 2694 1011 2747 luce
1029 2692 1158 2762 cucurrit.¹

439 2769 529 2837 Illam,
548 2787 653 2825 summa
671 2785 754 2841 super
771 2772 911 2825 labentem
929 2770 1046 2823 culmina
1063 2769 1138 2835 tecti,
1259 2779 1296 2818 eae

431 2846 584 2918 ¹Cernimus
604 2848 690 2902 Idaea
707 2849 809 2902 claram
828 2864 859 2901 ee
877 2845 994 2900 condere
1013 2845 1080 2898 silva

440 2922 654 2992 Signantemque
672 2925 744 2988 vias3
765 2927 825 2977 tum
843 2924 926 2990 longo
944 2921 1032 2974 limite
1051 2921 1141 2973 sirlcue

440 2998 497 3053 Dat
514 2999 610 3068 lucem,
628 3003 658 3055 et
675 3001 732 3055 late
749 2999 852 3053 circum
870 2999 929 3053 loca
947 2998 1049 3051 sulfure
1067 2987 1181 3051 limant.
1203 3017 1216 3070 j
1249 3025 1252 3030 v
1287 3003 1301 3043 :-

440 3075 495 3128 Hie
513 3092 577 3129 vero
595 3078 683 3131 victus
700 3078 810 3146 genitor
827 3092 856 3130 ee
875 3074 947 3129 tollit
965 3073 1001 3127 ad
1019 3090 1107 3140 auras,
1191 3069 1258 3142 ἤϊ’·

441 3149 619 3221 Adfaturque
635 3153 701 3207 deos
718 3158 747 3209 et
765 3155 890 3207 sanctum
909 3150 985 3203 eidus
1002 3147 1156 3206 adorata
1261 3161 1297 3202 τοο

441 3226 501 3280 Iam
514 3227 569 3280 iam
579 3228 654 3283 nulla
665 3246 741 3284 mora
750 3235 807 3295 est;
825 3242 933 3296 sequor,
944 3229 980 3292 ot,
990 3242 1045 3293 qua
1054 3225 1160 3293 ducitis,
1169 3224 1272 3278 adeum
1309 3259 1313 3268 -

441 3302 478 3355 Di
496 3304 586 3371 patrii,
605 3308 714 3359 servate
731 3306 849 3371 domum,
869 3305 982 3357 servate
994 3304 1130 3369 nepotem.

441 3378 574 3433 Vestrum
585 3380 636 3435 hoc
647 3383 799 3449 augurium,
811 3383 958 3446 vestroque
970 3380 998 3432 in
1009 3378 1120 3431 numine
1133 3376 1212 3429 Troia
1224 3379 1273 3431 est.

443 3454 519 3509 Cedo
536 3456 672 3525 equidem,
691 3474 748 3525 nee,
767 3460 839 3527 nate,
856 3454 911 3511 tibi
928 3472 1021 3511 comen
1036 3455 1082 3509 ire
1096 3467 1211 3506 tecuae.
1344 3505 1348 3510 ,

472 3530 590 3587 Dixerat
604 3533 652 3588 ille
657 3555 667 3601 ,·
686 3537 715 3590 et
732 3534 789 3592 iam
807 3554 860 3608 per
878 3535 997 3593 moenia
1012 3532 1117 3589 clarior
1134 3526 1218 3595 ”igme
1297 3525 1346 3563 W*

426 3604 558 3673 Auditus,
575 3611 757 3683 propiusque
774 3620 877 3674 aestus
895 3613 1040 3673 incendia
1057 3606 1198 3664 aalma.

413 3675 493 3743 318⁰
509 3697 570 3752 ⁸3⁰,
590 3703 659 3743 vare
678 3694 775 3762 pater,
794 3696 913 3754 cervici
929 3697 1088 3768 inponere
1103 3681 1262 3741 noemi
