3467 4367
680 642 862 693 AENEIDOS
880 643 950 693 LIB.
970 641 1020 692 IV.
1227 639 1273 689 157

421 722 614 791 Flaventisque
631 721 750 776 abaciam
766 740 864 792 comas,
884 723 939 777 Pro
958 720 1097 792 Iuppiter!
1116 720 1169 775 ibit
1237 732 1275 774 sao

420 798 482 865 Hic,
501 799 547 864 ait,
566 803 595 853 et
611 799 713 852 nostris
730 800 855 854 inluserit
873 800 980 854 advena
997 799 1105 868 regnis?
1192 812 1195 819 ·

419 874 445 927 N
448 892 482 927 on
501 891 576 927 arma
594 875 750 942 expedient,
769 878 884 944 totaque
894 893 935 930 ex
954 876 1023 929 urbe
1041 877 1200 943 sequentur,

419 951 620 1020 Deripientque
638 956 712 1004 rates
731 951 777 1003 alii
795 952 953 1006 navalibust
990 952 1043 1019 Ite,

419 1027 504 1081 Ferte
521 1026 568 1079 citi
586 1026 716 1093 flammas,
735 1027 801 1080 date
819 1027 883 1095 tela,
902 1027 1024 1095 inpellita
1042 1031 1183 1082 remos!-

420 1102 492 1170 Quid
504 1103 615 1170 loquor?
627 1105 676 1155 aut
687 1101 734 1155 ubi
747 1104 823 1156 sumi
837 1103 914 1167 Quae
926 1107 1047 1157 mentem
1057 1104 1160 1157 insania
1168 1102 1274 1158 mutati

420 1179 520 1233 Infelix
538 1178 625 1233 Dido!
645 1195 717 1231 nunc
734 1182 764 1232 te
781 1178 855 1232 facta
872 1178 955 1246 impia
973 1182 1109 1247 tangunt?
1238 1193 1274 1233 ssa

419 1255 489 1308 Tum
506 1254 606 1323 decuit,
624 1270 686 1307 cum
704 1258 814 1323 sceptra
833 1253 1005 1307 dabas—En
1023 1255 1123 1309 dextra
1140 1255 1273 1324 fidesque,
1358 1323 1361 1330 ι

419 1332 507 1397 Quem
526 1347 618 1383 secum
635 1331 739 1398 patrios
757 1330 834 1383 aiunt
852 1334 964 1399 portare
985 1332 1101 1397 Penatis,

419 1408 507 1473 Quem
526 1405 642 1461 subiisse
659 1406 780 1460 humeris
799 1407 952 1460 confectum
970 1411 1061 1461 aetate
1083 1410 1275 1477 parentem!-

418 1483 482 1537 Non
499 1483 577 1551 potui
595 1482 740 1551 abreptum
760 1482 891 1536 divellere
909 1499 1007 1551 corpus
1025 1488 1054 1537 et
1072 1484 1152 1537 undis
1238 1496 1275 1537 coo

419 1559 571 1627 Spargere?
590 1575 643 1611 non
662 1558 756 1626 socios,
775 1575 827 1611 non
846 1560 936 1627 ipsum
954 1559 1096 1614 absumere
1114 1561 1187 1613 ferro

420 1635 576 1701 Ascanium,
594 1634 745 1703 patriisque
763 1634 929 1703 epulandum
947 1652 1049 1704 ponere
1066 1638 1212 1690 mensis?-

419 1711 525 1765 Verum
542 1726 642 1779 anceps
660 1728 767 1780 pugnae
784 1710 876 1766 fuerat
893 1711 1169 1778 fortuma—Fuisse&

420 1788 507 1852 Quem
526 1787 612 1840 metui
630 1787 779 1842 moritura?
815 1788 902 1843 Faces
919 1789 948 1842 in
965 1793 1056 1843 castra
1073 1790 1203 1854 tulissem,

420 1864 627 1933 Inplessemque
639 1863 713 1918 foros
725 1864 848 1932 flammis,
862 1868 1011 1934 natumque
1022 1870 1186 1935 patremque
1217 1877 1273 1917 ¹005

420 1941 489 1995 Cum
501 1957 602 2008 genere
615 1940 778 2006 exstinmm,
796 1945 899 1996 memet
912 1958 995 2010 super
1005 1943 1065 2010 ipsa
1078 1942 1256 1995 dedissem.-

419 2017 473 2085 Sol,
491 2017 538 2086 qui
556 2021 693 2071 tcrrarum
712 2018 827 2071 flammis
845 2035 928 2088 opera
946 2018 1036 2071 omnia
1053 2019 1160 2086 lustras,

419 2093 515 2160 Tuque
534 2092 630 2146 harum
647 2094 784 2162 interpres
801 2110 928 2151 curarum
945 2098 976 2148 et
994 2094 1099 2147 conscia
1117 2093 1195 2159 Iuno,

419 2168 446 2221 N
448 2170 623 2238 cctumisque
642 2170 749 2223 Hecate
767 2169 856 2222 triviis
873 2169 979 2223 ululata
995 2186 1045 2238 per
1061 2168 1151 2235 urbes,

419 2244 458 2300 Et
476 2244 560 2299 Dirae
578 2245 698 2310 ultrices,
717 2247 746 2298 ct
766 2244 795 2298 di
813 2245 954 2298 morientis
973 2245 1083 2312 Elissae,
1238 2255 1274 2297 61⁰

420 2321 546 2390 Accipite
564 2322 640 2387 haec,
659 2321 844 2388 meritumque
861 2320 940 2373 malis
958 2321 1095 2374 advertite
1112 2335 1221 2386 numen,

419 2397 458 2451 Et
475 2400 583 2452 nostras
601 2397 695 2451 audite
714 2413 816 2464 preces.
854 2396 883 2450 Si
901 2399 1015 2463 tangere
1032 2401 1129 2466 portus

420 2473 567 2527 Infandum
585 2477 667 2542 caput
685 2489 717 2527 ac
734 2472 817 2526 terris
835 2473 939 2526 adnare
957 2489 1067 2527 necesse
1084 2477 1135 2542 est,

419 2550 457 2604 Et
475 2550 514 2605 sic
530 2550 588 2603 fata
607 2550 680 2604 Iovis
698 2553 821 2618 poscunt,
840 2548 885 2602 hie
902 2549 1036 2602 terminus
1053 2549 1163 2606 haeret:

420 2626 462 2681 At
479 2628 552 2681 bello
569 2626 680 2681 audacis
697 2625 790 2695 populi
808 2628 923 2679 rexatus
941 2628 969 2679 et
987 2625 1076 2693 armis,
1238 2638 1275 2678 crs

421 2703 533 2757 Finibus
551 2703 675 2769 extorris,
693 2701 827 2770 conplexu
844 2701 951 2754 avolsus
970 2701 1031 2768 Iuli,

421 2780 562 2853 Auxilium
580 2778 706 2846 inploret,
723 2778 871 2844 videatque
888 2777 1000 2845 indigna
1017 2794 1128 2832 snorum

420 2855 544 2921 Funera;
561 2871 618 2919 nce,
635 2870 697 2907 cum
715 2870 745 2907 se
763 2854 813 2907 sub
832 2854 907 2921 leges
924 2854 997 2921 pacis
1015 2853 1125 2922 iniquae

421 2931 586 2999 Tradiderit,
604 2946 688 2999 regno
706 2934 755 2984 aut
773 2934 869 2998 optata
888 2930 947 2984 luce
965 2929 1088 2996 fruatur;

420 3008 477 3065 sed
490 3008 571 3062 cadat
581 3010 646 3061 ante
658 3007 731 3060 diem
745 3006 892 3075 mediaque
904 3006 1059 3060 inhumatus
1071 3023 1163 3062 arena.
1237 3020 1274 3061 ess

421 3084 501 3139 Haec
512 3083 694 3154 precor,hanc
702 3099 796 3136 vocem
805 3086 957 3137 extremam
970 3098 1032 3136 cum
1042 3084 1172 3151 sanguine
1181 3081 1361 3169 fundus

421 3160 491 3214 Tum
508 3177 564 3227 vos,
584 3177 600 3213 ο
618 3159 699 3227 Tyrii,
718 3160 832 3227 stirpem
851 3162 881 3213 et
898 3176 984 3228 genus
1002 3175 1082 3214 omne
1099 3160 1221 3214 futurum

424 3237 559 3290 Exercete
576 3236 654 3302 odiis,
672 3235 811 3304 cinerique
829 3237 896 3290 haec
914 3236 1017 3290 mittite
1034 3240 1127 3290 nostro

422 3311 546 3367 Munera.
582 3312 680 3365 Nullus
697 3328 774 3365 amor
791 3313 906 3381 populis,
925 3328 976 3366 nec
993 3311 1106 3367 foedera
1123 3316 1212 3367 sunto.

422 3387 553 3442 Exoriare
570 3388 670 3456 aliquis
687 3388 789 3442 nostris
808 3405 842 3443 er
860 3389 967 3443 ossibus
984 3388 1066 3455 ultor,
1237 3400 1278 3439 sas

422 3463 476 3529 Qui
493 3464 552 3519 face
570 3463 723 3517 Dardanios
741 3464 872 3536 ferroque
890 3482 1013 3537 sequare
1029 3464 1178 3543 sanuses,¹

418 3539 506 3609 Nunc,
526 3541 598 3611 oiim,
618 3558 796 3616 quocumque
814 3543 932 3601 dabunt
948 3560 983 3599 se
1000 3546 1142 3606 temque
1155 3538 1251 3584 nra&

409 3614 508 3671 Litora
524 3618 658 3677 litoribus
677 3624 838 3695 contraria,
856 3622 1005 3681 nasutas
1020 3614 1123 3672 nubas
1273 3667 1332 3703 m·

400 3689 548 3766 ῙΒΡΓθθθῆ
565 3713 651 3758 arma
671 3703 786 3775 armis3
801 3704 952 3778 pugnent
965 3696 1098 3769 iqs'ittffi
1113 3674 1287 3742 *ewam*
1333 3709 1337 3714 '
