3467 4367
688 632 871 682 AENEIDOS
893 633 962 682 LIB.
985 634 1018 684 V.
1229 634 1276 684 175

422 709 464 765 Ut
481 710 619 779 quondam
638 711 721 766 Creta
737 713 827 768 fertur
845 714 1030 785 Labyrinthus
1047 714 1075 768 in
1093 714 1150 769 alta

423 786 579 842 Parietibus
597 791 706 842 textum
723 792 810 845 caecis
827 792 889 860 iter,
908 791 1109 860 ancipitemque

422 864 500 918 Mille
516 865 568 919 riis
585 865 712 920 habuisse
731 867 832 938 dolum,
850 886 905 937 qua
924 869 1002 936 signa
1020 869 1152 938 sequendi
1239 883 1277 923 oso

422 941 544 996 Falleret
561 942 741 1011 indeprensus
758 947 788 998 et
804 940 988 999 inremeabilis
1006 962 1097 1011 error;

424 1018 507 1072 llaud
525 1020 578 1073 alio
596 1020 731 1073 Teucrum
748 1021 807 1074 nati
825 1023 940 1090 vestigia
958 1038 1039 1076 cursu

422 1096 579 1164 Inpediuut,
598 1100 751 1166 texuntque
768 1097 848 1165 fugas
866 1101 896 1152 et
912 1100 1016 1168 proelia
1033 1097 1109 1168 ludo,¹

421 1171 587 1240 Delphinum
605 1173 713 1240 similes,
733 1175 779 1243 qui
797 1191 847 1243 per
864 1176 951 1229 maria
967 1174 1081 1228 humida
1098 1175 1188 1230 nando

420 1250 598 1317 Carpathium
611 1250 798 1319 Libycumque
811 1254 904 1305 secant
920 1251 1085 1321 [luduntque
1102 1270 1153 1322 per
1167 1252 1275 1322 undas}

420 1327 503 1379 Hunc
520 1344 624 1381 morem
642 1344 739 1381 cursus
756 1332 840 1396 atque
857 1328 925 1381 haec
943 1330 1091 1383 certamina
1108 1330 1212 1397 primus

420 1404 562 1472 Ascanius,
581 1404 702 1472 Longam
721 1406 805 1459 muris
823 1422 884 1459 cum
902 1406 1024 1474 cingeret
1042 1406 1151 1475 Albam,¹

420 1479 542 1534 Rettht
560 1485 590 1534 et
607 1482 711 1550 priscos
729 1480 822 1535 docuit
839 1481 980 1536 celebrare
999 1482 1119 1550 Latinos,

420 1557 480 1621 Quo
497 1555 567 1626 puer
584 1557 644 1627 ipse
661 1558 750 1625 modo,
769 1575 862 1612 secum
881 1575 934 1628 quo
952 1558 1032 1612 Troia
1048 1558 1149 1627 pubes;

419 1633 521 1687 Albani
541 1634 658 1688 docuere
677 1652 756 1699 suos3
775 1635 838 1688 hinc
856 1652 984 1690 maxuma
1001 1652 1083 1705 porro
1235 1649 1273 1689 ooo

419 1711 536 1779 Accepit
555 1710 650 1778 Roma,
669 1715 698 1765 et
716 1712 833 1779 patrium
853 1711 971 1766 servavit
989 1712 1133 1777 honorem;

418 1788 553 1856 Troiaque
572 1803 643 1840 nunc
659 1788 744 1855 pueri,
765 1788 910 1842 Troianum
928 1788 1029 1842 dicitur
1048 1806 1152 1857 agmen

419 1862 481 1917 Hac
498 1863 637 1917 celebrata
655 1865 737 1916 tenus
754 1867 848 1918 sancto
866 1866 1015 1918 certamina
1033 1866 1110 1933 patri

454 1941 508 1994 Hic
524 1941 644 2009 primum
663 1940 786 1994 Fortuna
803 1940 887 1994 fidem
905 1944 1012 1995 mutata
1029 1941 1144 1995 novavit.
1331 2005 1333 2009 Α

418 2016 492 2071 Dum
510 2018 591 2072 variis
608 2017 715 2070 tumulo
732 2017 856 2070 referunt
875 2017 1015 2071 sollemnia
1031 2017 1110 2086 ludis,
1214 2051 1217 2055 ·
1234 2030 1272 2072 cot

419 2094 487 2149 lrim
505 2094 541 2149 de
559 2094 634 2149 caelo
651 2094 726 2146 misit
744 2093 873 2147 Saturnia
892 2092 961 2146 Iuno

420 2172 531 2225 lhacam
547 2171 584 2225 ad
601 2170 722 2234 classem,
739 2172 891 2237 ventosque
909 2169 1032 2236 adspirat
1049 2170 1132 2237 eunti,

418 2249 508 2304 Multa
525 2264 644 2315 movens,
661 2246 777 2299 necdum
796 2246 939 2313 antiquum
958 2248 1080 2299 saturata
1098 2244 1228 2301 dolorem.

419 2325 479 2393 Illa,
497 2326 568 2380 viam
586 2323 709 2377 celerans
727 2338 776 2390 per
793 2320 866 2374 mille
885 2321 1020 2374 coloribus
1037 2338 1136 2390 arcum,

418 2402 494 2456 Nulli
512 2402 569 2455 visa
586 2402 640 2455 cito
658 2399 781 2453 decurrit
799 2398 911 2451 tramite
929 2398 1012 2465 virgo.
1234 2414 1271 2454 aro

418 2480 555 2547 Conspicit
571 2480 712 2547 ingentem
729 2492 895 2543 concursum,
914 2478 943 2529 ot
960 2474 1042 2527 litora
1058 2473 1166 2542 lustrat,

419 2557 604 2623 Desertosque
622 2554 698 2608 videt
716 2555 811 2622 portus
829 2552 999 2620 classemque
1016 2552 1146 2605 relictam.

419 2636 459 2688 At
475 2633 571 2703 procul
588 2632 617 2685 in
635 2631 692 2685 sola
710 2634 832 2684 secretae
850 2629 971 2683 Troades
990 2632 1051 2681 aeta

419 2711 558 2764 Amissum
578 2708 715 2762 Anchisen
733 2707 846 2775 flebant,
864 2708 1034 2773 cunctaeque
1052 2703 1218 2772 profundum

419 2787 536 2840 Pontum
554 2784 751 2854 adspectabant
768 2784 873 2838 flentcs.
892 2783 957 2836 Heu
974 2786 1017 2835 tot
1034 2779 1105 2833 vada
1122 2781 1200 2835 fessis
1234 2796 1270 2835 eis

417 2863 454 2917 nt
471 2866 580 2917 tantum
598 2878 741 2930 superesse
759 2862 855 2914 maris!
876 2875 928 2911 vox
946 2856 1072 2911 omnibus
1089 2873 1148 2911 una

418 2938 522 2994 Urbem
540 2942 634 3003 orant;
652 2936 748 2992 taedet
765 2936 854 3005 pelagi
872 2935 995 3003 perferre
1013 2931 1140 2986 laborem.

416 3018 489 3085 llrgo
505 3017 580 3070 inter
596 3014 700 3068 medias
718 3030 778 3067 sese
795 3012 870 3065 haud
889 3011 984 3077 ignara
1001 3008 1117 3063 nocendi

416 3093 540 3158 Coniicit,
558 3096 587 3147 et
604 3092 754 3161 faciemque
772 3090 840 3142 deae
858 3091 1018 3155 vestemque
1036 3085 1158 3154 reponit;

417 3171 464 3225 Tit
482 3171 578 3237 Beroe,
597 3167 707 3222 Ismarii
723 3168 840 3220 coniunx
858 3165 989 3232 longaeva
1007 3161 1123 3231 Dorycli,
1233 3178 1270 3217 cao

416 3248 467 3300 Oui
485 3262 572 3315 genus
591 3249 620 3299 et
638 3244 774 3315 quondam
793 3259 892 3296 nomen
910 3241 1022 3309 natique
1039 3239 1169 3305 fuissent3

417 3327 459 3377 Ac
478 3323 517 3376 sic
535 3322 724 3376 Dardanidum
742 3318 860 3373 mediam
879 3335 909 3372 se
927 3316 1060 3372 matribus
1077 3316 1172 3370 infert:

415 3401 439 3453 Ο
458 3401 582 3467 miserae,
601 3415 670 3468 quas
687 3414 741 3450 non
758 3412 862 3463 manus,
880 3395 978 3464 inquit,
997 3393 1118 3448 Achaica
1135 3391 1206 3444 bello

415 3475 544 3530 Traxerit
560 3475 597 3529 ad
614 3475 701 3527 letum
718 3472 824 3543 patriae
842 3468 894 3527 sub
911 3469 1076 3526 moeuhusl
1093 3484 1112 3521 o
1129 3482 1204 3531 gaus

409 3554 516 3619 Infelix,
536 3552 581 3605 cni
598 3554 628 3604 te
645 3551 732 3605 exitio
751 3550 882 3607 Fortuna
898 3550 1052 3606 reseruati
1268 3539 1316 3578 ὣ

396 3626 533 3692 Septuma
547 3631 617 3697 post
636 3628 739 3686 Troiae
758 3629 929 3688 exscidium
945 3630 1011 3685 iam
1026 3621 1160 3680 uertitur
1180 3606 1300 3662 asma

386 3699 458 3752 0³⁰²
475 3701 559 3772 freta,
580 3723 647 3763 cum
669 3711 772 3766 terras
790 3712 903 3775 omnis.
922 3712 974 3767 tot
992 3696 1162 3768 inhospita
1178 3693 1262 3739 W·
