3467 4367
662 614 867 674 GEORGICON
886 613 956 661 LIB.
976 613 1012 661 11.
1235 616 1265 665 47
1295 659 1298 664 Α

447 703 528 770 Quod
537 703 671 770 superest,
681 713 869 767 quaecumque
878 713 987 765 premes
996 697 1115 765 virgulta
1121 714 1172 767 per
1179 712 1266 765 agros,

411 782 519 849 Sparge
536 779 600 830 fimo
616 774 719 844 pingui,
738 776 767 827 et
784 773 871 826 multa
889 789 993 826 memor
1011 774 1102 827 occide
1119 777 1202 842 terra,

412 859 473 910 Aut
491 854 611 923 lapidem
629 850 760 917 bibulum,
779 852 828 902 aut
846 850 998 917 squalentis
1016 849 1108 904 infode
1126 851 1248 916 conchas,

412 933 494 987 Inter
512 930 585 983 enim
602 927 729 980 labentur
747 942 843 993 aquae,
862 927 1009 994 tenuisque
1028 927 1131 981 subibit

412 1008 534 1073 Halitus,
546 1008 630 1072 atque
642 1002 745 1055 animos
759 1002 857 1055 tollent
870 1005 946 1067 sata;
958 1004 1066 1071 iamque
1079 1003 1191 1072 reperti,
1229 1015 1267 1055 555

412 1084 467 1149 Qui
486 1098 551 1136 saxo
569 1079 651 1148 super
669 1083 753 1146 atque
772 1078 892 1145 ingentis
909 1078 1031 1146 pondere
1049 1082 1138 1133 testae

411 1159 588 1225 Urguerent;
606 1156 657 1209 hoc
675 1155 774 1221 effusos
792 1154 931 1207 munimen
950 1154 986 1207 ad
1003 1155 1105 1224 imbris,

412 1235 476 1288 Hoc
494 1232 540 1286 ubi
558 1232 647 1296 hiulce
665 1231 712 1284 siti
730 1231 809 1283 findit
828 1231 902 1283 canis
920 1231 1032 1284 aestifer
1050 1248 1124 1284 arva.

449 1309 603 1368 Seminibus
620 1306 726 1376 positis,
745 1310 873 1375 superest
891 1306 1020 1361 diducere
1037 1309 1149 1370 terram

412 1385 528 1453 Saepius
546 1384 582 1438 ad
600 1384 697 1456 capita,
716 1386 744 1452 et
762 1383 846 1435 duros
863 1382 966 1436 iactare
984 1381 1109 1447 bidentis
1229 1396 1267 1435 555

413 1464 475 1515 Aut
492 1478 586 1531 presso
604 1477 731 1514 exercere
751 1460 836 1512 solum
855 1459 906 1511 sub
924 1476 1040 1527 vomere,
1058 1464 1087 1513 55
1104 1460 1164 1527 ipsa

413 1539 540 1591 Flectere
558 1537 687 1590 luctantis
705 1536 777 1589 inter
794 1537 887 1589 vineta
904 1535 1042 1599 iuvencos;
1167 1604 1169 1609 Ι

412 1616 484 1669 Tum
501 1614 569 1668 levis
586 1614 702 1668 calamos
721 1617 750 1667 et
767 1630 844 1666 rasae
863 1612 972 1665 hastilia
989 1614 1081 1681 virgae

413 1692 620 1759 Fraxineasque
639 1694 734 1759 aptare
753 1690 842 1756 sudes,
862 1690 1008 1758 fmcasque
1027 1690 1150 1759 valentis,

413 1767 528 1821 Viribus
546 1767 613 1821 eniti
632 1784 748 1836 quarum
767 1769 796 1819 55
814 1770 989 1820 contemnere
1009 1770 1104 1820 ventos
1229 1777 1267 1817 555

415 1845 597 1909 5555555555
615 1860 790 1911 summasque
809 1843 887 1912 sequi
905 1843 1029 1896 tabulata
1045 1860 1095 1912 per
1112 1843 1208 1897 ulmos.

450 1923 494 1975 Ac
512 1920 577 1974 dum
595 1919 684 1990 prima
702 1921 777 1973 novis
795 1920 927 1973 adolescit
944 1919 1085 1981 frondibus
1102 1923 1185 1985 55555,

414 1997 588 2051 Parcendum
606 1998 717 2060 5555555,
736 2000 772 2063 55,
791 1996 856 2048 dum
877 2013 906 2049 se
923 1994 1013 2049 laetus
1030 1996 1066 2049 ad
1084 2013 1163 2049 auras

415 2073 524 2127 Palmes
542 2074 600 2140 agit
618 2072 687 2124 laxis
706 2088 871 2139 perpurum
890 2072 1015 2125 inmissus
1033 2072 1154 2139 habenis,

415 2150 482 2218 Ipsa
498 2149 555 2202 acie
573 2148 694 2201 nondum
711 2148 787 2200 falcis
805 2147 974 2217 temptanda,
992 2149 1041 2202 sed
1058 2149 1134 2201 uncis
1231 2160 1267 2199 555

415 2225 577 2293 Carpendae
594 2223 719 2277 manibus
737 2223 865 2291 frondea
875 2223 1002 2291 interque
1020 2224 1164 2291 legendae:

416 2300 488 2355 Inde
505 2300 551 2353 ubi
568 2301 622 2353 iam
641 2300 738 2353 validis
756 2300 899 2367 amplexae
919 2299 1049 2367 stirpibus
1066 2300 1153 2352 ulmos

415 2378 549 2443 Exierint‚
567 2380 633 2429 tunc
652 2376 757 2443 stringo
776 2392 874 2443 comas,
893 2379 959 2428 tunc
977 2375 1100 2430 bracchia
1118 2375 1216 2439 tonde;

416 2455 493 2507 Ante
511 2452 691 2505 reformidant
709 2451 828 2515 ferrum;
846 2456 906 2505 tum
924 2451 1043 2519 denique
1062 2453 1131 2505 dura

415 2529 522 2583 Exerce
539 2528 652 2595 inperia,
671 2532 700 2581 et
718 2544 808 2581 ramos
826 2544 966 2597 compesce
985 2529 1100 2583 fluentis.
1232 2543 1269 2582 555

451 2603 597 2658 Texendae
614 2621 710 2673 saepes
729 2604 813 2658 etlam
831 2608 860 2658 et
878 2621 961 2673 pecus
979 2623 1059 2660 ornne
1077 2606 1232 2671 tenendum,

416 2680 567 2750 Praecipue
586 2682 652 2733 dum
670 2682 745 2736 frons
762 2685 859 2734 tenera
877 2681 1079 2751 inprudensque
1097 2683 1234 2743 laborum

417 2757 468 2811 (lui
486 2774 568 2825 super
586 2757 709 2825 indignas
727 2758 832 2811 hiemes
850 2757 990 2826 solemque
1009 2764 1148 2828 potentem

416 2834 563 2888 Silvestres
580 2835 623 2888 uri
642 2834 756 2889 adsidue
774 2851 944 2903 capreaeque
963 2853 1092 2903 sequaces

417 2909 559 2978 inludunt,
577 2916 725 2981 pascuntur
743 2928 808 2965 oves
826 2912 978 2980 avidaeque
996 2913 1130 2966 iuvencae.
1235 2922 1271 2964 555

417 2985 534 3054 Frigora
551 3006 600 3041 nec
619 2992 727 3042 tantum
746 3005 813 3042 <ana
832 2993 958 3042 concreta
976 2990 1080 3057 pruina,

418 3063 479 3116 Aut
496 3064 586 3131 gravis
604 3064 764 3118 incumbens
782 3065 899 3134 scopulis
918 3065 1057 3120 arentibus
1075 3069 1173 3133 aestas,

419 3138 557 3204 Quantum
575 3140 615 3193 illi
633 3157 749 3202 nocuere
768 3158 874 3209 greges,
895 3141 1011 3209 durique
1030 3159 1163 3196 venenum

418 3213 518 3269 Dentis
536 3219 565 3270 et
583 3217 708 3271 admorso
727 3218 834 3286 signata
852 3218 880 3270 in
898 3218 984 3287 stirpe
1001 3219 1121 3273 cicatrix.

418 3292 482 3345 Non
499 3292 579 3346 aliam
598 3293 632 3346 ob
651 3295 756 3363 culpam
776 3296 884 3348 Baccho
902 3311 984 3363 caper
1001 3295 1125 3349 omnibus
1142 3295 1197 3349 aris
1234 3306 1272 3345 aso

419 3367 551 3423 Caeditur
569 3374 598 3423 et
616 3374 724 3425 5555555
743 3371 838 3445 ineunt
855 3370 1013 3440 proscaenia
1029 3370 1094 3438 ludi,

420 3444 600 3513 Praemiaque
618 3447 731 3515 ingeniis
748 3466 832 3519 pagos
851 3452 882 3505 55
900 3449 1025 3520 compita
1041 3451 1150 3504 circum

418 3519 547 3604 Thesidae
560 3538 685 3592 posuere,
704 3529 793 3595 atque
811 3527 889 3585 inter
906 3528 1014 3601 pocula
1028 3527 1106 3582 laeli

404 3590 533 3643 Molbbus
548 3596 577 3648 in
591 3601 685 3665 pratis
706 3608 808 3661 unctos
828 3610 949 3665 saluere
968 3626 1026 3681 per
1044 3609 1144 3660 515ϊῦ5-

404 3660 453 3714 l'ec
467 3681 521 3719 non
542 3672 672 3749 Arasonii,
696 3681 787 3741 Troia
804 3704 886 3759 gens
905 3690 1015 3751 missa.
1036 3681 1140 3741 colom

1308 3663 1362 3708 a&
