3467 4367
470 625 501 672 18
697 620 726 667 P.
746 619 899 668 VERGILI
916 620 1083 671 Mauortis

470 700 565 770 Incipe
583 689 734 754 Maenalios
752 716 872 768 mecum.
885 701 1041 771 meaitibia
1059 718 1162 757 versus.
1241 728 1244 733 ·
1299 714 1303 727 ¹

469 776 496 829 N
497 793 550 831 unc
567 779 597 831 et
614 776 672 831 oris
690 775 764 830 ultro
781 776 869 844 fugiat
886 776 975 846 iupus,
994 795 1077 832 aurea
1095 779 1181 834 durae

468 851 543 906 Mala
560 852 652 906 ferant
669 868 791 921 quereus,
810 853 932 907 narcisso
950 855 1047 909 floreat
1064 856 1150 926 alnus,
1232 880 1235 885 ¹

469 927 584 998 Pinguia
601 928 748 983 corticibus
766 929 868 983 sudent
886 931 990 985 electra
1007 933 1133 1001 myricae,

468 1006 584 1060 Certent
601 1007 631 1059 et
648 1006 738 1074 cycnis
755 1005 854 1073 ululae,
874 1008 911 1061 sit
928 1007 1038 1076 Tityrus
1057 1008 1192 1078 Orpheus,
1263 1052 1265 1057 .
1302 1028 1329 1067 ss

468 1082 595 1152 Orpheus
613 1082 641 1135 in
659 1082 741 1147 silvis,
759 1083 832 1136 inter
850 1083 993 1152 delphinas
1013 1084 1107 1150 Arion,

468 1159 572 1227 (Incipe
593 1158 744 1212 Maenalios
762 1175 876 1226 mecum,
894 1176 956 1213 mea
973 1159 1048 1227 tibia,
1067 1162 1171 1226 versus)

468 1234 566 1288 Omnia
583 1233 626 1287 vel
644 1233 766 1287 medium
783 1235 850 1288 fiant
868 1252 950 1289 mare.
987 1236 1087 1303 Vivite,
1107 1236 1208 1290 silvae:

468 1309 603 1379 Praeceps
620 1309 688 1363 aerii
706 1311 815 1379 specula
833 1310 869 1364 de
886 1312 988 1365 montis
1005 1312 1033 1364 in
1052 1313 1139 1366 undas

467 1387 602 1452 Deferar3
619 1391 774 1454 extremum
791 1385 843 1440 hoc
859 1404 957 1440 munus
975 1389 1115 1443 morientis
1133 1389 1242 1445 habeto.
1301 1407 1327 1445 so

467 1463 568 1518 Desine
586 1463 744 1531 Maenalios,
762 1465 817 1517 iam
835 1463 939 1532 desine,
957 1463 1032 1532 tibia,
1051 1481 1152 1519 versus.

501 1540 580 1594 Haec
597 1540 722 1605 Damon3
739 1556 795 1607 vos,
812 1556 884 1608 quae
901 1540 1075 1610 responderit
1094 1541 1307 1611 Alphesiboeus,

466 1615 565 1685 Dicite,
583 1615 727 1682 Pierides;
745 1631 798 1670 non
816 1617 906 1677 omnia
922 1634 1067 1686 possumus
1084 1635 1184 1672 omnes.

499 1693 535 1747 Α.
554 1693 628 1746 Effer
646 1709 752 1761 aquam,
771 1694 801 1747 ct
818 1692 893 1746 molli
911 1693 989 1761 cinge
1007 1694 1072 1747 haec
1091 1694 1188 1747 altaria
1206 1694 1285 1763 vitta,

466 1768 663 1860 Verbepasque
681 1768 760 1823 adole
777 1768 886 1837 pinguis
905 1773 934 1823 et
952 1770 1071 1823 mascula
1089 1773 1168 1825 tura:
1299 1790 1324 1828 aa

466 1846 595 1915 Coniugis
612 1849 645 1900 ut
661 1845 773 1913 magicis
791 1863 871 1899 sanos
890 1850 1015 1900 avertere
1034 1846 1117 1900 secde

467 1921 600 1991 Experiar
617 1938 729 1985 sensus;
747 1921 813 1975 nibil
831 1921 876 1976 hic
893 1922 945 1975 nisi
964 1923 1084 1977 carmina
1102 1924 1209 1978 desunt.

466 1997 566 2054 Ducite
577 1998 613 2053 ab
625 1997 694 2051 urbe
707 1997 825 2064 domum,
837 2014 898 2052 mea
910 1999 1036 2067 cannino,
1050 1999 1143 2054 ducite
1156 2000 1302 2069 Daphnim.

467 2074 593 2129 Carmina
609 2074 653 2129 vel
671 2074 745 2127 caelo
762 2076 878 2142 possunt
897 2075 1033 2129 deducere
1052 2076 1173 2142 Lunam3

467 2151 638 2205 Carminibus
657 2151 735 2206 Circe
753 2151 839 2204 socios
857 2152 975 2205 mumut
993 2151 1083 2218 Ulixi;
1296 2170 1323 2211 to

467 2228 595 2296 Frigidus
612 2228 641 2281 in
658 2228 744 2297 pratis
762 2228 897 2282 cantando
916 2229 1054 2297 rumpitur
1071 2230 1174 2296 anguis.

468 2303 566 2359 Ducite
577 2304 612 2358 ab
623 2304 692 2358 urbe
705 2304 826 2372 dom'um,'
834 2322 896 2358 mea
908 2305 1035 2372 carmina,
1048 2305 1141 2358 ducite
1154 2305 1300 2373 Daphnim,

466 2380 554 2435 'Perna
571 2380 623 2436 tibi
640 2380 708 2434 haec
725 2382 843 2449 primum
861 2381 963 2450 triplici
983 2381 1090 2435 diversa
1108 2382 1197 2434 coloro

466 2455 541 2511 hicia
558 2457 704 2525 circumd0,
721 2461 819 2527 terque
837 2458 905 2511 haec
923 2458 1019 2510 altaria
1037 2457 1138 2509 circum

466 2534 590 2601 Effigiem
608 2533 694 2598 dueo;
712 2551 825 2588 numero
845 2534 913 2587 deus
929 2534 1025 2601 inpare
1043 2530 1154 2598 gaudet.
1295 2550 1321 2591 75

465 2611 577 2681 [Ducite
589 2609 623 2662 ab
634 2609 703 2663 urbe
716 2610 834 2677 domum,
847 2626 909 2662 mea
920 2608 1047 2689 carmina,
1056 2606 1148 2660 dudte
1160 2606 1322 2683 Daphnim]

466 2689 491 2742 N
493 2691 553 2742 octe
569 2686 658 2741 tribus
674 2685 753 2739 nodis
772 2690 872 2752 ternos,
892 2683 1032 2752 Amarylli,
1051 2683 1171 2750 colorcs;

466 2765 561 2832 Necte,
580 2762 718 2831 Amarylli
737 2761 825 2828 modo,
844 2765 880 2829 et,
900 2759 1026 2827 Veneris,
1042 2759 1093 2828 dic,
1108 2761 1213 2816 vincula
1232 2771 1322 2824 necto.

466 2840 564 2895 Ducite
575 2839 610 2893 ab
621 2837 690 2892 urbe
702 2837 822 2905 domum,
834 2854 896 2891 mea
908 2838 1034 2905 munina,
1049 2837 1141 2892 ducite
1161 2839 1308 2907 Daphnim.

466 2914 558 2971 Limus
576 2920 607 2969 ut
624 2915 668 2968 hic
686 2912 807 2967 durescit
826 2916 856 2968 et
874 2912 941 2967 haec
960 2916 992 2967 ut
1010 2931 1073 2969 cera
1091 2914 1217 2983 liquescit
1295 2937 1322 2974 eo

466 2994 527 3048 Uno
544 2992 696 3060 eodemque
712 2990 776 3057 igni,
795 2990 833 3044 sic
851 2993 946 3043 nostro
966 2988 1089 3060 Daphnis
1107 3008 1205 3046 amore.

465 3071 570 3140 Sparge
585 3067 692 3132 molam,
710 3070 739 3120 et
755 3065 860 3133 fragilis
880 3068 995 3122 incendo
1014 3067 1148 3122 bitumine
1166 3069 1265 3125 laurus.

465 3146 588 3215 Daphnis
600 3160 645 3199 mc
656 3144 743 3196 malus
754 3143 818 3208 urit
831 3162 882 3212 ego
895 3143 965 3198 hanc
973 3145 1004 3200 'in
1019 3145 1164 3215 Daphnide
1177 3147 1289 3203 laurum.

465 3223 564 3276 Ducite
575 3221 611 3275 ab
623 3220 693 3274 urbe
705 3220 822 3290 domum,
835 3241 897 3279 mea
909 3224 1036 3292 carmina,
1052 3222 1143 3278 ducite
1156 3226 1301 3294 Daphnim.

464 3298 538 3352 'Palis
554 3314 631 3352 amor
649 3295 792 3366 Daphnim,
813 3302 902 3370 qualis
921 3315 982 3355 cum
1001 3301 1073 3358 fessa
1090 3304 1231 3357 iuvencum
1295 3322 1320 3360 ss

465 3373 520 3427 Per
537 3390 648 3428 nemora
665 3378 749 3444 atque
766 3378 836 3432 altos
855 3382 1013 3450 quaerendo
1032 3382 1130 3436 bucula
1146 3381 1220 3435 lucos

462 3448 583 3517 Propter
599 3467 688 3520 aquae
705 3452 792 3509 rivum
812 3456 895 3511 viridi
913 3458 1070 3528 procumbit
1088 3459 1116 3510 in
1133 3458 1203 3523 ulva,
1228 3500 1231 3504 .

444 3520 573 3609 Ρθζᾱίῧῢγ
591 3544 647 3582 nec
664 3546 746 3588 serae
763 3535 897 3593 meminit
915 3535 1054 3591 decedere
1072 3533 1161 3598 nocti„

430 3591 510 3649 Tala
526 3616 612 3658 amor
632 3611 742 3685 teneat,
761 3632 819 3673 nec
837 3616 879 3672 sit
898 3613 972 3670 mihi
991 3626 1062 3666 eura
1079 3607 1200 3662 mederi.

410 3660 526 3727 Ducite
536 3680 576 3734 ab
591 3687 667 3744 urbe
682 3691 824 3767 domum,
836 3713 910 3753 mea
923 3690 1067 3752 camina,
1080 3683 1182 3737 ducite
1188 3675 1350 3739 paphum.
