3467 4367
716 628 898 678 AENEIDOS
916 627 987 681 LIB.
1005 627 1040 679 V.
1232 629 1277 682 177

424 710 558 778 Ducebat,
575 708 614 765 sie
631 724 694 763 acer
711 725 781 778 eque
798 709 911 764 turbata
927 709 1025 777 petivit

424 787 530 854 Castra,
546 801 597 840 nee
614 784 754 839 exanimes
770 788 886 855 possunt
904 786 1025 841 retinere
1042 785 1166 856 magist‘

423 863 490 927 Quis
501 863 578 917 furer
590 861 644 917 iste
655 864 758 917 novusl
773 879 828 930 quo
839 878 919 928 nunc,
932 880 987 932 que
999 865 1121 932 tenditis,
1132 864 1230 934 iuquit,
1241 878 1280 937 ere*

424 939 489 993 Heu
506 939 623 994 miserae
640 940 729 993 civeel
750 955 805 992 non
822 938 931 993 hostem
948 940 1111 1009 inimicaque
1128 944 1219 996 castre

422 1016 564 1084 Argivom,
582 1018 689 1070 vestras
706 1031 768 1084 spes
785 1016 873 1070 uritis.
907 1016 957 1084 En,
975 1034 1026 1085 ege
1043 1022 1137 1072 vester

422 1092 558 1147 Ascanius
566 1091 715 1160 l-galeam
733 1094 798 1146 ante
815 1090 901 1159 pedes
918 1093 1035 1161 proiecit
1051 1093 1169 1165 manem,

423 1170 484 1235 Qua
500 1168 566 1224 ludo
583 1167 697 1221 indutus
713 1166 779 1221 belli
798 1167 942 1222 simulacra
959 1169 1057 1225 ciebat

422 1245 574 1301 Adcelerat
591 1242 671 1297 simul
691 1245 807 1309 Aeneas,
825 1243 905 1297 simul
923 1246 1033 1313 agmine
1051 1247 1191 1303 Teucrum.
1240 1263 1277 1305 ere

421 1323 478 1377 Ast
494 1320 558 1375 illae
576 1319 685 1374 diversa
702 1322 780 1373 metu
796 1336 847 1388 per
863 1319 947 1374 litora
963 1323 1065 1390 passim

421 1398 583 1467 Diffiigiunt
600 1396 736 1464 silvasque
753 1399 783 1450 et
800 1396 887 1450 sicubi
904 1412 1021 1452 concava
1038 1398 1133 1454 furtim

420 1476 493 1531 Saxa
509 1478 623 1544 petunt3
644 1471 721 1541 piget
737 1472 839 1541 incepti
858 1473 988 1544 lucisque,
1006 1491 1125 1544 suosque

420 1552 547 1605 Mutatus
564 1550 742 1617 adgnoscunt,
761 1566 928 1618 excussaque
946 1555 1058 1620 pectore
1077 1553 1147 1607 Iuno
1164 1556 1215 1607 est

419 1627 476 1683 Sed
493 1643 548 1681 non
565 1625 667 1679 idcirce
685 1626 811 1679 flammae
828 1629 913 1695 atque
930 1628 1057 1682 incendia
1074 1629 1140 1683 viris
1237 1644 1288 1700 ese,

420 1704 575 1758 Indomitos
592 1719 724 1772 posuere;
745 1702 800 1756 udo
819 1703 870 1757 sub
887 1703 987 1758 robore
1005 1704 1072 1759 vivit

419 1774 527 1843 Stuppa
544 1789 654 1826 vomens
672 1772 783 1826 tardum
801 1773 914 1841 fumum,
932 1773 1077 1843 lentusque
1095 1774 1199 1830 carinas

418 1850 470 1904 Est
487 1867 578 1919 vapor,
597 1852 626 1903 et
644 1852 704 1903 toto
722 1848 866 1905 descendit
885 1868 998 1920 corpore
1016 1852 1109 1920 pestis,
1197 1882 1200 1888 ›

418 1926 478 1981 Nec
495 1926 567 1980 vires
584 1925 697 1979 heroum
714 1926 858 1994 infusaque
876 1926 987 1981 flunrine
1003 1932 1125 1996 prosunt.

418 2002 487 2057 'lum
505 2002 566 2070 pius
585 2003 695 2056 Aeneas
713 2002 834 2056 humeris
852 2003 1012 2057 abscindere
1029 2007 1142 2074 vestem,
1235 2021 1273 2061 ees

418 2078 586 2148 Auxilioque
603 2094 700 2132 vocare
718 2079 792 2145 deos,
811 2082 840 2132 et
858 2078 975 2133 tendere
992 2080 1110 2148 palmas:

419 2156 546 2225 Iuppiter
563 2155 740 2224 omnipotens,
759 2155 921 2209 sinendum
939 2172 1037 2209 exosus
1055 2156 1092 2211 ad
1109 2173 1194 2211 unum

391 2275 393 2279 .
418 2232 554 2297 Troianos,
571 2232 595 2285 si
613 2230 681 2300 quid
698 2232 788 2300 pietas
805 2231 918 2299 antiqua
935 2232 1043 2285 labores

418 2307 541 2378 Respicit
559 2308 699 2374 humanos,
717 2306 753 2359 da
770 2306 907 2360 flammam
926 2306 1043 2361 evadere
1060 2307 1138 2362 classi

417 2384 506 2452 Nunc,
525 2384 616 2451 Pater,
636 2387 665 2438 et
681 2384 773 2438 tenuis
792 2383 926 2437 Teucrum
944 2399 989 2437 res
1007 2382 1084 2452 eripe
1101 2385 1164 2439 lete.
1235 2397 1272 2439 eae

419 2461 472 2516 Vel
488 2465 528 2529 tu,
546 2460 621 2529 qued
638 2464 772 2530 superest,
789 2460 889 2513 infesto
904 2459 1018 2513 fulmine
1035 2461 1125 2529 morti,

416 2538 446 2593 Si
463 2554 579 2607 mereor,
597 2537 721 2605 demitte,
739 2541 842 2605 tuaque
859 2535 904 2590 hic
922 2534 1007 2590 obrue
1025 2536 1131 2591 dextra.

416 2614 473 2668 Vix
489 2614 557 2670 haec
575 2614 708 2682 ediderat,
726 2630 786 2668 cum
805 2613 896 2667 effusis
914 2612 1049 2667 imbribus
1066 2617 1128 2668 atra

416 2690 577 2760 Tempestas
594 2691 651 2745 siue
668 2707 744 2744 more
761 2690 836 2757 furit,
855 2690 1017 2759 tonitruque
1035 2693 1203 2747 tremescunt

416 2767 515 2822 Ardua
532 2772 667 2822 terrarum
686 2772 715 2821 et
733 2767 837 2835 campi;
856 2768 913 2822 ruit
930 2767 1043 2821 aethere
1061 2770 1121 2820 toto
1233 2784 1270 2823 ees

415 2844 554 2899 Turbidus
571 2844 660 2898 imber
677 2860 750 2913 equa
767 2843 916 2912 densisque
933 2844 1097 2911 nigerrimus
1114 2845 1230 2911 austris3

415 2920 616 2990 Inplenturque
634 2936 717 2989 super
732 2937 853 2989 puppes;
874 2920 1005 2973 semiusta
1022 2918 1183 2975 madescunt

413 2997 541 3065 Robora3
563 2998 712 3053 restinctus
731 2997 818 3051 denec
836 3013 921 3065 vapor
939 2998 1080 3065 omnis,.et
1097 3012 1199 3065 omnes,

415 3074 553 3138 Quattuor
571 3076 684 3142 amissis,
703 3077 827 3129 servatae
845 3090 861 3127 a
878 3077 957 3143 peste
975 3073 1089 3129 carinae

450 3152 492 3206 At
508 3156 589 3220 pater
607 3153 724 3219 Aeneas,
742 3167 807 3205 casu
825 3168 971 3207 concussus
989 3150 1094 3219 acerbe,
1232 3164 1270 3206 700

414 3228 496 3283 Nunc
512 3229 566 3282 huc
583 3228 710 3298 ingentis,
727 3244 800 3282 nunc
817 3228 882 3282 illue
900 3232 1011 3298 pectore
1029 3245 1108 3284 curas

413 3304 544 3359 Mutabat
561 3322 681 3373 versans,
699 3305 833 3360 Siculisne
844 3305 987 3379 ¹resideret
1003 3306 1084 3375 arvis,

414 3380 526 3436 Oblitus
542 3383 670 3451 fetorum,
688 3382 811 3438 Italasne
829 3386 985 3452 capesseret
1003 3399 1071 3437 eras.

414 3458 483 3512 'lum
502 3460 590 3514 senior
610 3460 725 3529 Nautes,
741 3476 826 3513 unum
845 3459 971 3514 Tritonia
987 3459 1084 3513 Palles

415 3534 500 3598 Quem
519 3537 611 3591 docuit
629 3536 776 3612 multaque
794 3538 939 3611 insignem
954 3536 1091 3594 meme
1106 3536 1212 3585 m·-
1261 3532 1310 3571 une

400 3610 483 3664 Hm
499 3630 636 3683 responsa
655 3616 755 3691 dabat,
772 3620 825 3678 vel
841 3636 922 3694 quae
938 3610 1144 3691 portenderet
1154 3606 1212 3655 'xrs-

390 3682 500 3753 ΜΨ
516 3690 616 3765 deum,
637 3697 684 3753 vel
705 3715 787 3772 qnae
806 3699 950 3758 fatorum
964 3690 1117 3768 *pasceret
1133 3677 1253 3732 und&-
