3467 4367
677 619 860 683 Annumos'
878 633 949 685 mn.
967 633 1017 682 w.
1225 635 1271 682 nc

418 717 481 781 lpse
498 714 565 767 haec
583 715 655 768 ierre
672 714 750 768 iubet
767 714 864 768 celeris
881 715 1012 771 mandata
1028 731 1079 785 per
1096 731 1190 771 auras:
1236 727 1274 769 27⁰

416 790 489 853 Quid
506 791 605 843 struisl
625 794 673 845 aut
691 808 746 859 qua
764 807 812 860 spc
830 791 937 859 Libycis
954 793 1023 869 teris
1040 794 1098 847 otia
1115 791 1213 846 terrisl

415 865 444 920 si
462 869 490 919 te
507 866 582 919 nulla
599 872 692 920 movet
709 870 848 919 tantarum
866 867 954 934 gloria
972 886 1065 923 rerum

415 942 442 995 N
444 960 475 995 ec
493 959 574 1009 super
591 943 650 1011 ipse
669 947 717 996 tua
735 943 838 996 moliris
856 944 939 998 laude
955 945 1083 1013 laborem,

416 1020 563 1074 Ascanium
582 1023 740 1087 surgentem
759 1022 788 1072 et
806 1036 869 1087 spes
886 1019 995 1074 heredis
1013 1021 1068 1074 Iuli

415 1095 541 1163 Respice,
560 1096 603 1148 cui
621 1112 736 1162 regnum
755 1094 854 1147 Italiae
873 1094 1051 1165 Romanaque
1068 1097 1151 1152 tellus
1238 1110 1275 1152 27⁶

414 1170 565 1231 Debentur.
602 1171 661 1224 Tali
680 1171 816 1239 Cyllenius
834 1188 882 1224 ore
900 1171 1006 1225 locutus
1091 1187 1098 1199 ·

415 1246 541 1302 Mortalis
559 1246 632 1300 visus
649 1246 740 1300 medic
758 1263 882 1300 sermone
900 1247 1020 1316 reliquit,

414 1322 452 1379 Et
470 1323 565 1391 procul
582 1323 611 1375 in
628 1326 739 1376 tenuem
758 1340 792 1376 ex
810 1323 894 1376 oculis
913 1325 1022 1378 evanrrit
1039 1342 1140 1379 auram.

451 1403 491 1452 At
508 1417 572 1453 vero
592 1401 701 1453 Aeneas
720 1402 832 1468 aspectu
849 1398 988 1453 obmutuit
1005 1418 1106 1467 amens,

413 1476 605 1543 Arrectaeque
617 1476 730 1528 horrore
743 1492 844 1541 comae,
857 1479 887 1528 et
898 1492 951 1529 vox
962 1476 1084 1531 faucibus
1096 1476 1193 1531 haesit.
1238 1493 1275 1531 asc

413 1551 508 1610 Ardet
527 1550 603 1604 abire
620 1552 685 1619 fuga
703 1550 844 1618 dulcisque
861 1551 1016 1620 relinquere
1034 1557 1129 1617 terras,

414 1628 562 1686 Attonitus
580 1630 658 1682 tauta
676 1627 781 1681 monitu
798 1627 959 1696 inpcn'oque
978 1628 1098 1682 deorum.

413 1704 481 1763 Heu
498 1703 568 1772 quid
585 1706 667 1772 agrati
687 1720 742 1771 quo
759 1719 831 1757 nunc
849 1705 973 1772 reginam
989 1703 1094 1758 ambire
1112 1708 1191 1757 fureu
1222 1720 1249 1757 m

415 1779 529 1838 Audeat
547 1779 659 1833 adfatu?
678 1796 749 1847 quae
765 1779 854 1848 prima
872 1781 984 1834 exordia
1003 1782 1109 1835 sumatl

416 1857 512 1923 Atque
524 1856 644 1908 animum
657 1872 727 1909 nunc
738 1855 792 1909 huc
803 1856 929 1925 celerent,
941 1873 1013 1911 nunc
1026 1857 1124 1910 dividit
1135 1858 1205 1919 illuc,
1236 1871 1273 1911 aas

414 1930 450 1989 In
468 1932 609 1999 partisque
626 1932 699 1999 rapit
717 1932 805 1985 varias
822 1949 927 2000 perque
945 1934 1035 1986 omnia
1052 1936 1166 2006 versat„

415 2006 494 2065 Haec
512 2007 658 2061 alternanti
676 2008 766 2075 potior
783 2009 920 2061 sententia
937 2009 995 2062 visa
1014 2014 1069 2063 est:

413 2081 563 2141 Mnesthea
580 2083 796 2153 Sergestumque
814 2088 895 2138 vocat
912 2085 1066 2152 fortemque
1085 2085 1232 2150 Serestum,

414 2158 537 2212 Classem
556 2162 652 2228 aptent
669 2161 747 2214 taciti
765 2160 905 2228 sociosque
923 2161 960 2214 ad
978 2161 1058 2214 litera
1076 2164 1180 2228 cogant,

416 2234 504 2288 Arma
521 2238 627 2304 parent,
646 2239 682 2302 et,
701 2252 772 2303 quae
789 2235 873 2288 rebus
892 2237 928 2289 sit
946 2252 1040 2289 caussa
1058 2236 1196 2303 novandis,
1240 2251 1276 2290 aco

416 2308 611 2375 Dissimulcnt;
631 2327 690 2363 sese
707 2311 820 2378 interea,
840 2311 948 2378 quando
967 2315 1079 2381 optuma
1097 2310 1169 2363 Dido

414 2386 529 2440 Nesciat
546 2389 576 2440 et
594 2389 688 2440 tantos
705 2386 795 2455 rumpi
813 2403 866 2439 non
886 2390 978 2455 8th
996 2404 1110 2454 amores,

414 2455 625 2531 'lempt'aturum
644 2462 744 2528 aditus,
763 2467 792 2515 et
810 2480 881 2531 quae
898 2462 1056 2516 mollissima
1074 2463 1150 2517 fandi
1218 2503 1222 2509 .

414 2537 556 2606 Tempora,
576 2540 637 2607 quis
654 2538 736 2591 rebus
754 2539 853 2608 dexter
870 2538 974 2594 modus.
1012 2539 1094 2594 Ocius
1112 2556 1206 2595 omnes

414 2614 527 2683 Inperic
544 2615 610 2669 laeti
627 2617 727 2683 parcnt
744 2631 775 2668 ac
792 2615 865 2668 iussa
882 2616 1026 2669 facessunt.
1238 2632 1274 2670 aas

450 2690 492 2743 At
510 2689 605 2756 regina
622 2689 796 2759 dolos-quis
813 2690 909 2744 fallere
926 2693 1014 2760 possit
1031 2695 1168 2746 amantem
1176 2693 1222 2747 l-

414 2764 582 2832 Praesensit,
599 2769 744 2834 motusque
764 2766 872 2836 excepit
890 2768 978 2834 prima
995 2768 1111 2832 futuros,

414 2840 513 2895 Omnia
531 2844 594 2895 tuta
611 2842 718 2895 timeus.
755 2837 859 2897 Eadem
878 2843 962 2911 impia
981 2844 1065 2896 Fama
1082 2842 1186 2920 furenti

415 2916 523 2971 Detulit
541 2918 641 2970 armari
659 2918 772 2971 classem
790 2935 955 2986 cursumque
974 2918 1074 2987 parari.

414 2992 509 3047 Saevit
525 2993 604 3062 inops
622 2994 713 3060 animi,
730 2997 874 3064 totamque
891 2994 1002 3047 incensa
1020 3010 1070 3062 per
1087 2992 1184 3047 urbem
1237 3008 1275 3047 soc

414 3068 576 3137 Bacchatur,
595 3069 683 3137 qualis
700 3071 842 3124 commotis
860 3071 951 3125 excita
969 3070 1054 3124 sacris

414 3144 520 3214 Thyias,
539 3146 585 3200 ubi
602 3147 697 3201 audito
715 3146 858 3202 stimulant
876 3148 1017 3203 trieterica
1034 3147 1143 3201 Baccho

415 3221 500 3289 Orgia
517 3225 721 3290 nocturnusque
739 3228 819 3277 vocat
836 3224 955 3278 clamore
974 3222 1130 3277 Cithaeron.

414 3296 537 3350 Tandem
555 3297 598 3350 his
617 3300 731 3352 Aenean
748 3301 894 3368 compellat
911 3300 1022 3355 vocibus
1039 3299 1126 3352 ultro:

451 3372 629 3426 Dissimulare
648 3375 731 3427 etiam
749 3377 875 3443 sperasti,
893 3376 1006 3444 perfide,
1023 3377 1132 3429 tantum
1235 3390 1273 3429 aas

416 3447 500 3502 Posse
517 3449 602 3516 nefas,
619 3450 775 3521 tacitusque
792 3468 855 3507 mea
871 3451 1011 3507 decedere
1025 3452 1128 3504 terra‘l

410 3524 473 3582 Nec
491 3528 519 3578 te
535 3528 631 3580 noster
647 3543 733 3600 amor,
751 3545 806 3585 nec
821 3532 856 3586 te
874 3529 947 3586 data
962 3528 1092 3605 deutera·
1107 3526 1273 3591 nummu

402 3598 465 3652 Nec
480 3602 617 3657 moritura
636 3608 719 3665 tenet
735 3609 854 3667 crudeli
871 3610 979 3666 iuuere
994 3602 1103 3660 niden

395 3671 468 3732 0¹15ss
487 3678 573 3734 ellam
594 3680 724 3745 hiberno
741 3689 865 3747 moliris
885 3688 992 3757 sidere
1010 3682 1158 3760 &assem

968 3795 999 3842 ..4
1029 3837 1032 3842 .
