3467 4367
472 644 504 689 92
710 636 739 683 P.
758 633 913 682 VERGILI
930 632 1097 681 MARONIS

473 720 561 787 Perge
579 718 668 785 mode,
686 721 771 784 atque
788 714 851 767 hine
868 717 899 767 te
917 714 1028 781 reginae
1046 712 1083 766 ad
1099 714 1196 769 limina
1212 717 1312 787 perfer.

472 797 598 863 Namque
616 794 667 847 tibi
685 793 800 845 reduces
818 791 905 844 socios
922 791 1093 859 classemque
1110 791 1230 846 relatam
1294 806 1328 848 ae

472 873 577 926 Nuntio
595 878 624 924 et
641 872 669 923 in
688 874 778 922 tutum
798 867 884 920 versis
903 867 1077 935 aquilonibus
1094 872 1195 936 aetam,

472 949 509 1002 Ni
527 950 629 1001 frustra
647 947 792 1013 augurium
810 945 874 998 vani
894 944 1012 997 docuere
1030 948 1169 1013 parentes

473 1028 575 1094 Aspice
593 1026 635 1076 bis
654 1039 733 1075 senos
751 1021 878 1075 laetantis
897 1021 1005 1088 agmine
1024 1036 1127 1089 cycnos,

473 1103 606 1155 Aetheria
624 1117 692 1167 quos
710 1098 786 1166 lapsa
803 1097 885 1166 plaga
905 1097 978 1150 lovis
996 1097 1053 1151 ales
1071 1100 1172 1168 aperto

473 1178 611 1233 Turbabat
630 1176 719 1241 eaelo;
738 1192 810 1228 nune
829 1178 919 1228 terras
938 1175 1035 1229 ordine
1053 1176 1134 1244 longo
1295 1189 1330 1231 aas

473 1259 532 1308 Aut
550 1249 647 1323 capere
665 1256 714 1307 aut
731 1257 824 1321 raptas
842 1252 897 1305 iam
916 1252 1078 1320 despectare
1095 1252 1244 1308 videntur:

473 1333 513 1385 Ut
530 1332 645 1385 reduces
662 1330 702 1383 illi
720 1329 820 1383 ludunt
838 1328 1020 1383 stridentibus
1038 1330 1095 1398 alis,

473 1408 510 1461 lit
527 1414 607 1462 eoetu
625 1408 736 1461 cinxere
753 1407 852 1475 polum,
871 1409 1023 1474 cantusque
1042 1405 1152 1474 dedere,

473 1485 557 1537 Haud
576 1486 656 1539 aliter
673 1500 832 1553 puppesque
851 1487 916 1536 tuae
933 1481 1076 1552 pubesque
1093 1486 1207 1537 tuorum

473 1565 532 1615 Aut
549 1566 659 1629 portum
678 1564 769 1630 tenet,
781 1564 829 1614 aut
847 1559 928 1628 pleno
948 1558 1022 1612 subit
1041 1561 1112 1614 ostia
1129 1559 1198 1614 velo.
1297 1572 1331 1615 lte

473 1636 562 1706 Perge
579 1638 668 1705 modo,
686 1641 723 1703 et,
742 1654 797 1705 qua
815 1641 844 1690 te
862 1637 940 1690 ducit
957 1638 1008 1704 via,
1028 1636 1117 1704 dirige
1134 1651 1273 1704 gressum.

507 1715 591 1777 Dixit,
611 1718 640 1768 et
658 1718 784 1767 avertens
802 1729 882 1765 rosea
901 1713 1008 1766 cervice
1025 1713 1141 1781 refulsit,

473 1790 691 1859 Ambrosiasque
709 1806 802 1843 comae
821 1788 943 1842 divinum
962 1791 1064 1845 vertice
1081 1790 1197 1845 odorem

473 1868 624 1936 spiravere,
642 1867 729 1937 pedes
747 1868 832 1921 vestis
851 1866 968 1921 deduxit
986 1867 1117 1934 adimes,

473 1946 510 1999 Et
527 1961 592 1998 vera
608 1945 714 1998 incessu
731 1946 822 2014 patuit
840 1945 899 1998 dea.
937 1943 991 1997 Ille
1007 1944 1055 1997 ubi
1074 1946 1193 1997 mairem
1297 1957 1333 1996 res

473 2021 623 2089 Adgnovit,
641 2021 689 2075 tali
708 2022 859 2090 fugientem
879 2023 922 2074 est
940 2036 1006 2074 voce
1024 2024 1148 2075 secutus:

473 2097 546 2162 Quid
563 2102 659 2152 natum
677 2099 788 2164 totiens,
807 2096 926 2150 crudelis
946 2100 977 2151 tu
995 2113 1112 2166 quoque,
1130 2096 1208 2152 falsis

472 2173 559 2229 Ludis
576 2175 755 2245 imaginibusl
774 2191 823 2228 cur
840 2174 957 2227 dextrae
976 2173 1089 2242 iungere
1107 2173 1239 2228 dextram

472 2251 535 2305 Non
553 2252 635 2306 datur
652 2270 684 2306 ae
701 2270 780 2306 veras
798 2250 896 2305 audire
914 2253 944 2303 et
962 2250 1081 2304 reddere
1099 2252 1198 2306 voeesl

472 2328 582 2381 Talibus
600 2329 714 2396 incusat,
732 2343 914 2395 gressumque
932 2326 968 2379 ad
986 2327 1093 2380 moenia
1110 2325 1211 2382 tendit
1300 2340 1333 2381 uo

473 2406 514 2459 At
532 2405 626 2457 Venus
643 2405 759 2458 obscuro
776 2403 929 2473 gradientis
947 2419 1012 2458 aere
1030 2404 1140 2473 saepsit,

472 2480 510 2534 ut
527 2480 613 2533 multo
631 2480 747 2533 nebulae
765 2482 868 2533 eireurn
888 2481 939 2535 dea
958 2480 1031 2534 fudit
1048 2481 1157 2548 amictu,

473 2556 592 2611 Cernere
610 2572 645 2609 ne
664 2557 725 2624 quis
742 2572 797 2623 eos,
814 2571 868 2609 neu
888 2557 949 2625 quis
970 2557 1129 2624 contingere
1145 2559 1251 2627 posset,

472 2632 598 2686 Molirive
616 2647 728 2699 moram,
747 2635 796 2685 aut
813 2632 941 2687 veniendi
960 2649 1074 2703 poscere
1092 2649 1212 2689 caussas

473 2709 539 2778 Ipsa
557 2707 681 2777 Paphum
699 2707 820 2762 sublimis
838 2709 904 2777 abit,
924 2709 1059 2779 sedesque
1076 2710 1170 2763 revisit
1296 2725 1333 2764 es

472 2786 558 2839 Laeta
576 2801 647 2854 suas,
664 2784 712 2839 ubi
730 2786 864 2853 templum
882 2786 929 2853 illi,
950 2791 1116 2855 centumque
1135 2784 1243 2841 Sabaeo

472 2861 543 2915 Ture
561 2861 650 2916 calent
668 2880 733 2916 arae
752 2864 890 2932 sertisque
909 2863 1065 2917 recentibus
1083 2862 1185 2916 halant.

507 2938 670 3007 Corripuere
688 2940 759 2992 viam
777 2939 892 3008 interea,
913 2958 968 3009 qua
985 2941 1085 2994 semita
1101 2942 1246 2996 monstrat

472 3015 587 3083 Iamque
604 3016 790 3070 ascendebant
808 3017 913 3085 collem,
934 3017 981 3086 qui
999 3018 1133 3086 plurimus
1151 3015 1214 3070 urbi

472 3089 603 3145 Imminet
620 3091 805 3161 adversasque
822 3094 967 3163 adspectat
985 3093 1105 3163 desuper
1122 3109 1207 3147 arces.
1291 3107 1329 3146 se)

471 3166 590 3221 Miratur
607 3168 707 3222 molem
727 3170 844 3235 Aeneas,
863 3170 979 3238 magalia
998 3171 1145 3239 quondam,

471 3244 590 3299 Miratur
607 3250 701 3315 portas
719 3247 922 3317 strepitumque
940 3250 970 3303 et
989 3250 1076 3302 strata
1093 3248 1209 3302 namur.

471 3322 581 3376 Instant
599 3323 729 3389 ardentes
748 3323 820 3392 Tyrii
837 3340 902 3393 pars
921 3324 1022 3379 ducere
1039 3341 1132 3379 muros

470 3397 616 3468 Molirique
633 3416 723 3454 arcem
741 3404 771 3453 et
789 3400 915 3453 manibus
933 3400 1094 3454 subvolvere
1111 3417 1185 3466 saxa,

465 3473 538 3528 Pars
554 3480 652 3544 optare
667 3476 758 3530 locum
778 3479 851 3531 tecto
870 3479 900 3531 et
917 3476 1079 3531 concludere
1096 3476 1187 3541 sulec,
1290 3491 1328 3533 es

445 3546 518 3603 Iura
534 3553 783 3626 magistratusque
802 3554 906 3625 legunt
924 3556 1110 3621 sanctumque
1127 3555 1275 3611 senatum
1353 3573 1357 3580 ·

425 3618 492 3677 Hie
500 3634 613 3693 portus
632 3632 684 3687 alii
701 3634 864 3692 effodiunt:
884 3633 935 3689 hie
952 3632 1017 3687 alta
1030 3626 1143 3685 theatri

406 3689 629 3763 Fvfldemeuta
650 3711 757 3772 locant
777 3714 845 3786 alii,
861 3709 1060 3776 immanisque
1079 3700 1229 3755 columnas
1330 3725 1339 3738 ·
