3467 4367
470 624 500 667 56
705 619 734 667 P.
753 619 906 667 VERGILI
924 618 1088 667 MARONIS

471 699 607 753 Plurimus
626 699 780 752 Alburnum
798 699 924 767 volitans,
941 699 984 753 cui
1002 716 1100 755 nomen
1117 701 1185 757 asilu

470 776 623 830 Romanmn
640 779 691 842 est,
710 779 832 828 oestrum
850 775 926 829 Graii
944 779 1053 830 vertere
1071 781 1206 848 vocantes,

470 854 569 921 Asper,
588 851 688 906 acerba
704 868 810 920 sonans,
829 868 883 920 quo
902 855 962 905 tota
980 854 1114 907 exterrita
1131 854 1206 910 silvis

470 926 623 997 Diffugiunt
635 926 779 992 armenta,
795 928 863 982 furit
880 929 1030 996 mugitibus
1048 930 1144 983 aether
1291 946 1329 987 ιω

471 1006 622 1060 Concussus
640 1005 777 1073 silvaeque
796 1009 825 1059 et
843 1005 906 1059 sicci
924 1006 984 1073 ripa
1002 1006 1124 1075 Tanagri.

471 1082 533 1136 Hoc
550 1082 686 1150 quondam
706 1085 828 1135 monstro
845 1081 983 1135 horribilis
1002 1083 1123 1146 exercuit
1140 1084 1196 1138 iras

472 1158 598 1212 Inachiae
618 1157 686 1212 Iuno
704 1160 811 1226 pestem
829 1158 964 1211 meditata
981 1159 1117 1213 iuvencae.

400 1269 405 1279 ι
472 1234 554 1289 Hunc
572 1250 688 1303 quoque,
706 1250 769 1288 nam
787 1233 885 1288 mediis
903 1234 1055 1289 fervoribus
1072 1235 1161 1289 acrior
1177 1236 1272 1304 instat,

472 1312 588 1365 Arcebis
605 1310 718 1379 gravido
736 1311 834 1379 pecori,
852 1314 1031 1380 armentaque
1048 1303 1144 1380 pasces
1292 1327 1329 1367 15⁵

472 1388 534 1442 Sole
552 1405 646 1442 recens
664 1391 725 1441 orto
742 1391 791 1441 aut
808 1391 916 1441 noctem
935 1388 1098 1441 ducentibus
1115 1388 1206 1445 astris.

506 1465 573 1518 Post
589 1469 699 1533 partum
717 1481 782 1518 cura
799 1464 827 1517 in
845 1464 944 1518 vitulos
962 1464 1117 1518 traducitur
1135 1465 1239 1531 omnis3

472 1542 661 1609 Continuoque
680 1544 758 1594 notas
777 1544 806 1594 et
823 1541 932 1594 uomina
948 1541 1040 1609 gentis
1057 1542 1177 1609 inurunt,

472 1618 509 1671 ut
527 1634 595 1687 quos
611 1621 661 1671 aut
678 1617 770 1686 pecori
787 1616 885 1670 malint
902 1617 1066 1671 submittere
1083 1617 1218 1686 habendo,

472 1694 532 1749 Aut
549 1694 604 1747 aris
622 1710 731 1747 servare
750 1710 846 1758 sacros,
864 1697 912 1747 aut
930 1694 1056 1748 scindere
1073 1697 1176 1748 terram
1292 1712 1330 1751 mo

472 1770 509 1824 lit
525 1786 650 1839 campum
668 1771 825 1823 horrentem
842 1770 936 1824 fractis
954 1771 1091 1824 invertere
1107 1769 1218 1839 glaebis

473 1846 572 1900 Cetera
588 1851 736 1915 pascuntur
754 1846 849 1901 viridis
866 1850 992 1901 armerma
1009 1863 1059 1915 per
1076 1847 1188 1903 herbas:

473 1923 514 1976 'lu
532 1940 600 1991 quos
617 1923 653 1976 ad
671 1923 796 1976 studium.
809 1925 894 1991 atque
911 1940 990 1977 usum
1008 1922 1137 1977 formabis
1154 1929 1304 1992 agrestem,

474 2001 534 2055 lam
551 2001 650 2054 vitulos
668 2000 787 2066 hortare,
805 1999 931 2068 viamque
949 2000 1045 2053 insiste
1063 1999 1202 2067 domandi,

473 2077 546 2131 Dum
563 2077 656 2130 faciles
674 2076 756 2129 animi
775 2076 911 2141 iuvenum,
930 2075 996 2128 dum
1015 2075 1120 2129 mobilis
1138 2078 1230 2130 aetas:
1292 2091 1340 2131 lus-

473 2157 516 2207 Ac
533 2155 651 2223 primum
668 2151 745 2206 laxos
762 2152 839 2206 tenui
857 2151 893 2205 dc
912 2152 1011 2205 vimine
1028 2152 1124 2205 circlos

474 2230 578 2284 Cervici
596 2230 743 2294 subnecte3
761 2228 865 2293 dehinc,
884 2228 932 2280 ubi
949 2228 1037 2281 libera
1054 2227 1123 2281 colla

473 2306 590 2360 Servitio
608 2306 756 2370 adsuerint,
774 2305 840 2373 ipsis
859 2322 875 2359 e
893 2305 1038 2373 torquibus
1056 2308 1135 2373 aptos

474 2383 560 2451 Iunge
578 2399 666 2451 pares,
684 2385 713 2435 et
731 2398 798 2448 coge
815 2381 932 2448 gradum
950 2381 1074 2435 conferre
1091 2381 1235 2447 iuvencos3

474 2460 568 2527 Atque
586 2458 638 2511 illis
656 2458 710 2510 iam
729 2474 809 2524 saepe
827 2460 905 2510 rotae
924 2458 1059 2511 ducantur
1076 2458 1170 2511 inanes
1294 2474 1332 2515 17⁰

474 2535 528 2588 Per
545 2537 656 2601 terram,
674 2538 704 2587 et
722 2550 827 2585 summo
845 2534 962 2601 vestigia
979 2534 1091 2603 pulvere
1110 2535 1234 2603 signent;

474 2611 540 2664 Post
558 2610 648 2663 valido
665 2610 756 2663 nitens
774 2608 825 2662 sub
842 2610 965 2678 pondere
983 2611 1089 2679 faginus
1108 2611 1166 2664 axis

474 2687 622 2754 instrepat,
641 2689 670 2739 et
688 2685 794 2739 iunctos
812 2690 886 2740 temo
905 2687 998 2742 trahat
1017 2704 1113 2742 aereus
1131 2686 1214 2741 orbis.

474 2764 586 2817 Interea
603 2762 668 2830 pubi
686 2761 836 2816 indomitae
853 2780 908 2816 non
925 2765 1050 2831 gramina
1068 2767 1185 2831 tantum,

473 2841 499 2893 N
502 2857 532 2894 ee
550 2856 642 2893 vescas
661 2839 772 2893 salicum
790 2839 902 2894 frondes
919 2841 1064 2908 ulvamque
1081 2841 1240 2909 palustrem,
1295 2858 1333 2897 175

473 2917 529 2971 Sed
540 2917 678 2970 frumenta
695 2933 778 2968 manu
795 2934 891 2985 carpes
910 2920 985 2982 sata;
1003 2934 1053 2971 nec
1071 2918 1122 2971 tibi
1131 2911 1221 2985 ictae,

473 2993 552 3047 More
569 2997 686 3062 patrum,
705 2994 782 3047 nivea
798 2994 942 3062 inpiebunt
959 2994 1117 3048 mulctraria
1134 3010 1239 3061 vaccae,

474 3069 530 3123 Sed
547 3073 607 3123 tota
624 3070 652 3122 in
670 3069 757 3123 dulcis
776 3074 936 3124 consument
953 3070 1038 3123 ubera
1056 3074 1141 3123 ustos.

509 3147 556 3200 Sin
573 3147 609 3200 ad
626 3146 699 3200 bella
718 3148 803 3215 magis
822 3148 945 3201 studium
963 3151 1124 3214 turmasque
1141 3146 1249 3215 ferocis,

475 3224 534 3277 Aut
553 3223 661 3292 Alphea
678 3224 747 3277 rotis
765 3223 887 3293 praelabi
905 3224 1016 3276 flumina
1035 3222 1121 3289 Pisae,
1295 3239 1334 3281 leo

474 3299 511 3353 Et
530 3300 602 3353 Iovis
619 3301 646 3353 in
665 3300 725 3353 luco
743 3316 839 3354 currus
857 3301 962 3367 agitare
980 3299 1110 3354 volantis:

475 3375 582 3429 Primus
600 3377 664 3445 equi
682 3376 760 3429 labor
777 3379 828 3443 est,
846 3377 951 3429 animos
969 3380 1053 3443 atque
1071 3392 1147 3430 arma
1164 3377 1261 3433 videre

474 3452 638 3520 Bellantum,
657 3453 794 3521 lituosque
811 3452 878 3520 pati,
896 3455 1041 3520 tractuque
1058 3457 1213 3518 gementem

456 3525 548 3579 Ferre
563 3532 665 3594 rotam,
687 3532 717 3583 et
735 3528 851 3585 stabulo
869 3530 965 3584 frenos
981 3527 1081 3582 audire
1099 3530 1226 3580 sonantis
1232 3550 1243 3591 ·,

443 3596 515 3650 Tum
533 3606 629 3671 magis
645 3609 738 3676 atque
759 3609 855 3680 nangis
873 3608 990 3664 blandis
1009 3603 1137 3674 gaudere
1152 3602 1288 3665 magistri
1316 3614 1358 3649 us

383 3677 388 3684 ·
422 3666 584 3731 Laudibus
605 3684 636 3736 et
655 3684 786 3752 plausae
804 3689 941 3745 sonitum
961 3681 1083 3741 ceruicis
1101 3691 1213 3731 amare.
