<?xml version="1.0" encoding="UTF-8"?>
<!DOCTYPE html PUBLIC "-//W3C//DTD XHTML 1.0 Transitional//EN"
    "http://www.w3.org/TR/xhtml1/DTD/xhtml1-transitional.dtd">
<html xmlns="http://www.w3.org/1999/xhtml" xml:lang="en" lang="en">
 <head>
  <title>
</title>
<meta http-equiv="Content-Type" content="text/html;charset=utf-8" />
  <meta name='ocr-system' content='tesseract 3.04.00' />
  <meta name='ocr-capabilities' content='ocr_page ocr_carea ocr_par ocr_line ocrx_word'/>
</head>
<body>
  <div class='ocr_page' id='page_1' title='image "./publivergilimar02virggoog/publivergilimar02virggoog_0241.png"; bbox 0 0 3467 4367; ppageno 0'>
   <div class='ocr_carea' id='block_1_1' title="bbox 499 627 1284 686">
    <p class='ocr_par' dir='ltr' id='par_1_1' title="bbox 499 627 1284 686">
     <span class='ocr_line' id='line_1_1' title="bbox 499 627 1284 686; baseline -0.003 0"><span class='ocrx_word' id='word_1_1' title='bbox 499 639 509 654; x_wconf 90' lang='lat'><strong>·</strong></span> <span class='ocrx_word' id='word_1_2' title='bbox 572 627 580 638; x_wconf 84' lang='lat'>&#39;</span> <span class='ocrx_word' id='word_1_3' title='bbox 672 637 856 686; x_wconf 77' lang='lat' dir='ltr'><strong>nsunrnos</strong></span> <span class='ocrx_word' id='word_1_4' title='bbox 875 636 944 686; x_wconf 84' lang='grc'><strong>111.</strong></span> <span class='ocrx_word' id='word_1_5' title='bbox 968 633 1045 684; x_wconf 74' lang='grc'><strong>1111.</strong></span> <span class='ocrx_word' id='word_1_6' title='bbox 1239 638 1284 684; x_wconf 78' lang='lat' dir='ltr'><strong>aar</strong></span> 
     </span>
    </p>
   </div>
   <div class='ocr_carea' id='block_1_2' title="bbox 416 707 1291 2908">
    <p class='ocr_par' dir='ltr' id='par_1_2' title="bbox 416 707 1291 2908">
     <span class='ocr_line' id='line_1_2' title="bbox 436 707 1262 784; baseline 0 -15"><span class='ocrx_word' id='word_1_7' title='bbox 436 717 472 770; x_wconf 81' lang='grc'><strong>111</strong></span> <span class='ocrx_word' id='word_1_8' title='bbox 490 732 573 784; x_wconf 88' lang='lat' dir='ltr'><strong>mare,</strong></span> <span class='ocrx_word' id='word_1_9' title='bbox 592 715 666 784; x_wconf 92' lang='lat' dir='ltr'><strong>quod</strong></span> <span class='ocrx_word' id='word_1_10' title='bbox 684 732 773 784; x_wconf 91' lang='lat' dir='ltr'><strong>supra,</strong></span> <span class='ocrx_word' id='word_1_11' title='bbox 792 718 913 780; x_wconf 76' lang='lat' dir='ltr'><strong>teneant,</strong></span> <span class='ocrx_word' id='word_1_12' title='bbox 932 714 1061 783; x_wconf 87' lang='lat' dir='ltr'><strong>quodque</strong></span> <span class='ocrx_word' id='word_1_13' title='bbox 1079 713 1167 768; x_wconf 89' lang='lat' dir='ltr'><strong>adluit</strong></span> <span class='ocrx_word' id='word_1_14' title='bbox 1184 707 1262 769; x_wconf 88' lang='lat' dir='ltr'><strong>infra.</strong></span> 
     </span>
     <span class='ocr_line' id='line_1_3' title="bbox 437 790 1289 860; baseline -0.001 -16"><span class='ocrx_word' id='word_1_15' title='bbox 437 792 540 859; x_wconf 82' lang='lat' dir='ltr'>Accipe</span> <span class='ocrx_word' id='word_1_16' title='bbox 558 791 649 860; x_wconf 88' lang='lat' dir='ltr'><strong>daque</strong></span> <span class='ocrx_word' id='word_1_17' title='bbox 667 791 758 844; x_wconf 87' lang='lat' dir='ltr'><strong>iidem.</strong></span> <span class='ocrx_word' id='word_1_18' title='bbox 795 791 864 845; x_wconf 82' lang='lat' dir='ltr'><strong>Sunt</strong></span> <span class='ocrx_word' id='word_1_19' title='bbox 882 790 960 844; x_wconf 91' lang='lat' dir='ltr'><strong>nobis</strong></span> <span class='ocrx_word' id='word_1_20' title='bbox 977 792 1060 844; x_wconf 85' lang='lat' dir='ltr'><strong>fortia</strong></span> <span class='ocrx_word' id='word_1_21' title='bbox 1076 790 1149 843; x_wconf 90' lang='lat' dir='ltr'><strong>bello</strong></span> <span class='ocrx_word' id='word_1_22' title='bbox 1253 804 1289 844; x_wconf 77' lang='lat' dir='ltr'><strong>roo</strong></span> 
     </span>
     <span class='ocr_line' id='line_1_4' title="bbox 438 860 1185 935; baseline 0.001 -16"><span class='ocrx_word' id='word_1_23' title='bbox 438 868 559 934; x_wconf 85' lang='lat' dir='ltr'><strong>Pectora,</strong></span> <span class='ocrx_word' id='word_1_24' title='bbox 578 860 642 921; x_wconf 80' lang='lat' dir='ltr'><strong>sunt</strong></span> <span class='ocrx_word' id='word_1_25' title='bbox 660 868 741 920; x_wconf 88' lang='lat' dir='ltr'><strong>animi</strong></span> <span class='ocrx_word' id='word_1_26' title='bbox 760 871 790 921; x_wconf 94' lang='lat' dir='ltr'><strong>et</strong></span> <span class='ocrx_word' id='word_1_27' title='bbox 807 868 890 921; x_wconf 88' lang='lat' dir='ltr'><strong>rebus</strong></span> <span class='ocrx_word' id='word_1_28' title='bbox 908 871 1033 935; x_wconf 86' lang='lat' dir='ltr'><strong>spectata</strong></span> <span class='ocrx_word' id='word_1_29' title='bbox 1050 868 1185 920; x_wconf 88' lang='lat' dir='ltr'><strong>iuventus.</strong></span> 
     </span>
     <span class='ocr_line' id='line_1_5' title="bbox 438 942 1143 1012; baseline 0.004 -19"><span class='ocrx_word' id='word_1_30' title='bbox 438 942 552 995; x_wconf 79' lang='lat' dir='ltr'>Dixerat</span> <span class='ocrx_word' id='word_1_31' title='bbox 571 944 687 996; x_wconf 88' lang='lat' dir='ltr'><strong>Aeneas.</strong></span> <span class='ocrx_word' id='word_1_32' title='bbox 725 943 776 996; x_wconf 91' lang='lat' dir='ltr'><strong>Ille</strong></span> <span class='ocrx_word' id='word_1_33' title='bbox 794 960 824 996; x_wconf 93' lang='lat' dir='ltr'><strong>os</strong></span> <span class='ocrx_word' id='word_1_34' title='bbox 842 943 988 1011; x_wconf 91' lang='lat' dir='ltr'><strong>oculosque</strong></span> <span class='ocrx_word' id='word_1_35' title='bbox 1006 943 1143 1012; x_wconf 84' lang='lat' dir='ltr'><strong>loquentis</strong></span> 
     </span>
     <span class='ocr_line' id='line_1_6' title="bbox 437 1017 1150 1088; baseline 0.003 -18"><span class='ocrx_word' id='word_1_36' title='bbox 437 1017 600 1072; x_wconf 86' lang='lat' dir='ltr'><strong>Iamdudum</strong></span> <span class='ocrx_word' id='word_1_37' title='bbox 618 1023 648 1073; x_wconf 90' lang='lat' dir='ltr'><strong>et</strong></span> <span class='ocrx_word' id='word_1_38' title='bbox 665 1024 755 1073; x_wconf 91' lang='lat' dir='ltr'><strong>totum</strong></span> <span class='ocrx_word' id='word_1_39' title='bbox 772 1018 909 1073; x_wconf 90' lang='lat' dir='ltr'><strong>lustrabat</strong></span> <span class='ocrx_word' id='word_1_40' title='bbox 926 1020 1027 1073; x_wconf 90' lang='lat' dir='ltr'><strong>lumine</strong></span> <span class='ocrx_word' id='word_1_41' title='bbox 1045 1035 1150 1088; x_wconf 90' lang='lat' dir='ltr'><strong>corpus.</strong></span> 
     </span>
     <span class='ocr_line' id='line_1_7' title="bbox 436 1093 1219 1164; baseline 0.001 -17"><span class='ocrx_word' id='word_1_42' title='bbox 436 1093 504 1148; x_wconf 84' lang='lat' dir='ltr'><strong>Tum</strong></span> <span class='ocrx_word' id='word_1_43' title='bbox 523 1096 561 1148; x_wconf 88' lang='lat' dir='ltr'><strong>sic</strong></span> <span class='ocrx_word' id='word_1_44' title='bbox 578 1113 664 1164; x_wconf 91' lang='lat' dir='ltr'><strong>pauca</strong></span> <span class='ocrx_word' id='word_1_45' title='bbox 681 1097 779 1150; x_wconf 87' lang='lat' dir='ltr'><strong>refert:</strong></span> <span class='ocrx_word' id='word_1_46' title='bbox 798 1096 839 1149; x_wconf 92' lang='lat' dir='ltr'><strong>Ut</strong></span> <span class='ocrx_word' id='word_1_47' title='bbox 857 1099 893 1162; x_wconf 88' lang='lat' dir='ltr'><strong>te,</strong></span> <span class='ocrx_word' id='word_1_48' title='bbox 912 1096 1060 1149; x_wconf 87' lang='lat' dir='ltr'>fortissime</span> <span class='ocrx_word' id='word_1_49' title='bbox 1078 1095 1219 1162; x_wconf 78' lang='lat' dir='ltr'><strong>Teucrum,</strong></span> 
     </span>
     <span class='ocr_line' id='line_1_8' title="bbox 437 1171 1290 1240; baseline 0.001 -16"><span class='ocrx_word' id='word_1_50' title='bbox 437 1171 551 1240; x_wconf 87' lang='lat' dir='ltr'>Accipio</span> <span class='ocrx_word' id='word_1_51' title='bbox 569 1172 759 1240; x_wconf 80' lang='lat' dir='ltr'><strong>adgnoscoque</strong></span> <span class='ocrx_word' id='word_1_52' title='bbox 777 1171 877 1226; x_wconf 88' lang='lat' dir='ltr'><strong>libens!</strong></span> <span class='ocrx_word' id='word_1_53' title='bbox 897 1176 928 1225; x_wconf 94' lang='lat' dir='ltr'><strong>ut</strong></span> <span class='ocrx_word' id='word_1_54' title='bbox 946 1172 1030 1225; x_wconf 84' lang='lat' dir='ltr'><strong>verba</strong></span> <span class='ocrx_word' id='word_1_55' title='bbox 1048 1172 1171 1240; x_wconf 89' lang='lat' dir='ltr'><strong>parentis</strong></span> <span class='ocrx_word' id='word_1_56' title='bbox 1253 1184 1290 1225; x_wconf 73' lang='grc'><strong>111</strong></span> 
     </span>
     <span class='ocr_line' id='line_1_9' title="bbox 437 1247 1181 1316; baseline 0.001 -17"><span class='ocrx_word' id='word_1_57' title='bbox 437 1247 473 1300; x_wconf 86' lang='grc' dir='ltr'><strong>Ε1</strong></span> <span class='ocrx_word' id='word_1_58' title='bbox 490 1264 583 1301; x_wconf 82' lang='lat' dir='ltr'><strong>vocem</strong></span> <span class='ocrx_word' id='word_1_59' title='bbox 603 1248 739 1302; x_wconf 80' lang='lat' dir='ltr'><strong>Anchisae</strong></span> <span class='ocrx_word' id='word_1_60' title='bbox 757 1252 848 1316; x_wconf 87' lang='lat' dir='ltr'><strong>magui</strong></span> <span class='ocrx_word' id='word_1_61' title='bbox 867 1249 1024 1315; x_wconf 83' lang='lat' dir='ltr'><strong>voltumque</strong></span> <span class='ocrx_word' id='word_1_62' title='bbox 1041 1248 1181 1301; x_wconf 89' lang='lat' dir='ltr'><strong>recordor!</strong></span> 
     </span>
     <span class='ocr_line' id='line_1_10' title="bbox 436 1322 1162 1391; baseline 0 -16"><span class='ocrx_word' id='word_1_63' title='bbox 436 1322 508 1376; x_wconf 88' lang='lat' dir='ltr'><strong>Nam</strong></span> <span class='ocrx_word' id='word_1_64' title='bbox 526 1324 636 1377; x_wconf 91' lang='lat' dir='ltr'><strong>memini</strong></span> <span class='ocrx_word' id='word_1_65' title='bbox 655 1326 792 1377; x_wconf 78' lang='lat' dir='ltr'><strong>Hesionae</strong></span> <span class='ocrx_word' id='word_1_66' title='bbox 810 1325 942 1378; x_wconf 80' lang='lat' dir='ltr'><strong>visentem</strong></span> <span class='ocrx_word' id='word_1_67' title='bbox 960 1341 1045 1391; x_wconf 89' lang='lat' dir='ltr'><strong>regna</strong></span> <span class='ocrx_word' id='word_1_68' title='bbox 1063 1324 1162 1376; x_wconf 90' lang='lat' dir='ltr'><strong>sororis</strong></span> 
     </span>
     <span class='ocr_line' id='line_1_11' title="bbox 437 1399 1171 1469; baseline -0.001 -17"><span class='ocrx_word' id='word_1_69' title='bbox 437 1399 685 1453; x_wconf 81' lang='lat' dir='ltr'><strong>Laomedontiaden</strong></span> <span class='ocrx_word' id='word_1_70' title='bbox 706 1402 851 1468; x_wconf 84' lang='lat' dir='ltr'><strong>Priamum,</strong></span> <span class='ocrx_word' id='word_1_71' title='bbox 871 1401 1006 1455; x_wconf 81' lang='lat' dir='ltr'><strong>Salamina</strong></span> <span class='ocrx_word' id='word_1_72' title='bbox 1022 1403 1171 1469; x_wconf 90' lang='lat' dir='ltr'><strong>petentem,</strong></span> 
     </span>
     <span class='ocr_line' id='line_1_12' title="bbox 436 1474 1064 1545; baseline 0.005 -17"><span class='ocrx_word' id='word_1_73' title='bbox 436 1474 565 1529; x_wconf 86' lang='lat' dir='ltr'><strong>Protinus</strong></span> <span class='ocrx_word' id='word_1_74' title='bbox 583 1477 721 1530; x_wconf 83' lang='lat' dir='ltr'><strong>Arcadiae</strong></span> <span class='ocrx_word' id='word_1_75' title='bbox 738 1477 843 1545; x_wconf 88' lang='lat' dir='ltr'><strong>gelidos</strong></span> <span class='ocrx_word' id='word_1_76' title='bbox 861 1475 978 1531; x_wconf 86' lang='lat' dir='ltr'><strong>invisere</strong></span> <span class='ocrx_word' id='word_1_77' title='bbox 996 1477 1064 1531; x_wconf 89' lang='lat' dir='ltr'><strong>finis.</strong></span> 
     </span>
     <span class='ocr_line' id='line_1_13' title="bbox 436 1551 1291 1624; baseline 0.005 -21"><span class='ocrx_word' id='word_1_78' title='bbox 436 1551 504 1604; x_wconf 82' lang='lat' dir='ltr'><strong>&#39;I&#39;um</strong></span> <span class='ocrx_word' id='word_1_79' title='bbox 521 1551 587 1604; x_wconf 93' lang='lat' dir='ltr'><strong>mihi</strong></span> <span class='ocrx_word' id='word_1_80' title='bbox 605 1553 693 1620; x_wconf 89' lang='lat' dir='ltr'><strong>prima</strong></span> <span class='ocrx_word' id='word_1_81' title='bbox 709 1570 794 1620; x_wconf 88' lang='lat' dir='ltr'><strong>genas</strong></span> <span class='ocrx_word' id='word_1_82' title='bbox 811 1554 931 1607; x_wconf 84' lang='lat' dir='ltr'><strong>vestibat</strong></span> <span class='ocrx_word' id='word_1_83' title='bbox 949 1554 1015 1607; x_wconf 88' lang='lat' dir='ltr'><strong>flore</strong></span> <span class='ocrx_word' id='word_1_84' title='bbox 1032 1553 1159 1624; x_wconf 85' lang='lat' dir='ltr'><strong>iuventa;</strong></span> <span class='ocrx_word' id='word_1_85' title='bbox 1253 1564 1291 1607; x_wconf 77' lang='lat' dir='ltr'><strong>roo</strong></span> 
     </span>
     <span class='ocr_line' id='line_1_14' title="bbox 436 1627 1150 1698; baseline 0.006 -18"><span class='ocrx_word' id='word_1_86' title='bbox 436 1627 613 1696; x_wconf 88' lang='lat' dir='ltr'><strong>Mirabarque</strong></span> <span class='ocrx_word' id='word_1_87' title='bbox 631 1628 715 1682; x_wconf 91' lang='lat' dir='ltr'><strong>duces</strong></span> <span class='ocrx_word' id='word_1_88' title='bbox 733 1630 857 1697; x_wconf 82' lang='lat' dir='ltr'><strong>Teucros,</strong></span> <span class='ocrx_word' id='word_1_89' title='bbox 876 1629 996 1683; x_wconf 89' lang='lat' dir='ltr'><strong>mirabar</strong></span> <span class='ocrx_word' id='word_1_90' title='bbox 1014 1632 1044 1684; x_wconf 91' lang='lat' dir='ltr'><strong>et</strong></span> <span class='ocrx_word' id='word_1_91' title='bbox 1060 1629 1150 1698; x_wconf 89' lang='lat' dir='ltr'><strong>ipsum</strong></span> 
     </span>
     <span class='ocr_line' id='line_1_15' title="bbox 436 1703 1064 1771; baseline 0.003 -14"><span class='ocrx_word' id='word_1_92' title='bbox 436 1703 700 1771; x_wconf 76' lang='lat' dir='ltr'><strong>Laomedontiaden,</strong></span> <span class='ocrx_word' id='word_1_93' title='bbox 718 1706 768 1760; x_wconf 90' lang='lat' dir='ltr'><strong>sed</strong></span> <span class='ocrx_word' id='word_1_94' title='bbox 785 1707 890 1760; x_wconf 89' lang='lat' dir='ltr'><strong>cunctis</strong></span> <span class='ocrx_word' id='word_1_95' title='bbox 907 1706 988 1760; x_wconf 86' lang='lat' dir='ltr'><strong>altior</strong></span> <span class='ocrx_word' id='word_1_96' title='bbox 1005 1706 1064 1759; x_wconf 91' lang='lat' dir='ltr'><strong>ibat</strong></span> 
     </span>
     <span class='ocr_line' id='line_1_16' title="bbox 437 1780 1156 1838; baseline 0.007 -5"><span class='ocrx_word' id='word_1_97' title='bbox 437 1780 579 1835; x_wconf 86' lang='lat' dir='ltr'><strong>Anchises</strong></span> <span class='ocrx_word' id='word_1_98' title='bbox 615 1782 684 1835; x_wconf 90' lang='lat' dir='ltr'><strong>Mihi</strong></span> <span class='ocrx_word' id='word_1_99' title='bbox 702 1797 780 1835; x_wconf 89' lang='lat' dir='ltr'><strong>mens</strong></span> <span class='ocrx_word' id='word_1_100' title='bbox 796 1783 914 1836; x_wconf 85' lang='lat' dir='ltr'><strong>iuvenali</strong></span> <span class='ocrx_word' id='word_1_101' title='bbox 931 1782 1046 1837; x_wconf 87' lang='lat' dir='ltr'><strong>ardebat</strong></span> <span class='ocrx_word' id='word_1_102' title='bbox 1064 1800 1156 1838; x_wconf 89' lang='lat' dir='ltr'><strong>amore</strong></span> 
     </span>
     <span class='ocr_line' id='line_1_17' title="bbox 416 1855 1243 1927; baseline 0.005 -18"><span class='ocrx_word' id='word_1_103' title='bbox 416 1918 418 1922; x_wconf 17' lang='lat' dir='ltr'>v</span> <span class='ocrx_word' id='word_1_104' title='bbox 436 1855 607 1925; x_wconf 80' lang='lat' dir='ltr'><strong>Compellare</strong></span> <span class='ocrx_word' id='word_1_105' title='bbox 624 1859 719 1925; x_wconf 80' lang='lat' dir='ltr'><strong>virum,</strong></span> <span class='ocrx_word' id='word_1_106' title='bbox 738 1861 767 1912; x_wconf 91' lang='lat' dir='ltr'><strong>et</strong></span> <span class='ocrx_word' id='word_1_107' title='bbox 785 1859 901 1913; x_wconf 83' lang='lat' dir='ltr'><strong>dextrae</strong></span> <span class='ocrx_word' id='word_1_108' title='bbox 920 1860 1083 1927; x_wconf 89' lang='lat' dir='ltr'><strong>coniungere</strong></span> <span class='ocrx_word' id='word_1_109' title='bbox 1102 1859 1243 1924; x_wconf 81' lang='lat' dir='ltr'><strong>dextram3</strong></span> 
     </span>
     <span class='ocr_line' id='line_1_18' title="bbox 437 1932 1290 2001; baseline 0.001 -16"><span class='ocrx_word' id='word_1_110' title='bbox 437 1932 554 2001; x_wconf 84' lang='lat' dir='ltr'><strong>Accessi,</strong></span> <span class='ocrx_word' id='word_1_111' title='bbox 573 1938 603 1987; x_wconf 93' lang='lat' dir='ltr'><strong>et</strong></span> <span class='ocrx_word' id='word_1_112' title='bbox 620 1934 735 2001; x_wconf 91' lang='lat' dir='ltr'><strong>cupidus</strong></span> <span class='ocrx_word' id='word_1_113' title='bbox 754 1934 856 1989; x_wconf 88' lang='lat' dir='ltr'><strong>Phenei</strong></span> <span class='ocrx_word' id='word_1_114' title='bbox 875 1934 926 1989; x_wconf 90' lang='lat' dir='ltr'><strong>sub</strong></span> <span class='ocrx_word' id='word_1_115' title='bbox 944 1934 1052 1988; x_wconf 89' lang='lat' dir='ltr'><strong>moenia</strong></span> <span class='ocrx_word' id='word_1_116' title='bbox 1069 1933 1144 1988; x_wconf 83' lang='lat' dir='ltr'><strong>duxi.</strong></span> <span class='ocrx_word' id='word_1_117' title='bbox 1253 1948 1290 1987; x_wconf 80' lang='lat' dir='ltr'><strong>roo</strong></span> 
     </span>
     <span class='ocr_line' id='line_1_19' title="bbox 437 2002 1202 2078; baseline 0.001 -17"><span class='ocrx_word' id='word_1_118' title='bbox 437 2008 489 2061; x_wconf 90' lang='lat' dir='ltr'><strong>Ille</strong></span> <span class='ocrx_word' id='word_1_119' title='bbox 507 2010 573 2061; x_wconf 93' lang='lat' dir='ltr'><strong>mihi</strong></span> <span class='ocrx_word' id='word_1_120' title='bbox 590 2002 724 2076; x_wconf 85' lang='lat' dir='ltr'><strong>insignem</strong></span> <span class='ocrx_word' id='word_1_121' title='bbox 741 2010 900 2075; x_wconf 86' lang='lat' dir='ltr'><strong>pharetram</strong></span> <span class='ocrx_word' id='word_1_122' title='bbox 918 2010 1068 2078; x_wconf 85' lang='lat' dir='ltr'><strong>Lyciasque</strong></span> <span class='ocrx_word' id='word_1_123' title='bbox 1087 2009 1202 2075; x_wconf 81' lang='lat' dir='ltr'><strong>sagittas</strong></span> 
     </span>
     <span class='ocr_line' id='line_1_20' title="bbox 437 2083 1216 2152; baseline -0.001 -17"><span class='ocrx_word' id='word_1_124' title='bbox 437 2083 833 2152; x_wconf 80' lang='lat' dir='ltr'><strong>Discedens&#39;chlamydemque</strong></span> <span class='ocrx_word' id='word_1_125' title='bbox 851 2101 917 2137; x_wconf 90' lang='lat' dir='ltr'><strong>auro</strong></span> <span class='ocrx_word' id='word_1_126' title='bbox 936 2085 1013 2138; x_wconf 88' lang='lat' dir='ltr'><strong>dedit</strong></span> <span class='ocrx_word' id='word_1_127' title='bbox 1030 2084 1216 2150; x_wconf 81' lang='lat' dir='ltr'><strong>intertextam,</strong></span> 
     </span>
     <span class='ocr_line' id='line_1_21' title="bbox 437 2157 1271 2226; baseline 0 -15"><span class='ocrx_word' id='word_1_128' title='bbox 437 2158 581 2226; x_wconf 84' lang='lat' dir='ltr'><strong>Frenaque</strong></span> <span class='ocrx_word' id='word_1_129' title='bbox 598 2158 670 2226; x_wconf 89' lang='lat' dir='ltr'><strong>bina,</strong></span> <span class='ocrx_word' id='word_1_130' title='bbox 687 2175 764 2211; x_wconf 91' lang='lat' dir='ltr'><strong>meus</strong></span> <span class='ocrx_word' id='word_1_131' title='bbox 782 2176 851 2226; x_wconf 88' lang='lat' dir='ltr'><strong>quae</strong></span> <span class='ocrx_word' id='word_1_132' title='bbox 868 2177 940 2213; x_wconf 92' lang='lat' dir='ltr'><strong>nunc</strong></span> <span class='ocrx_word' id='word_1_133' title='bbox 957 2158 1050 2225; x_wconf 88' lang='lat' dir='ltr'><strong>habet,</strong></span> <span class='ocrx_word' id='word_1_134' title='bbox 1069 2174 1158 2223; x_wconf 88' lang='lat' dir='ltr'><strong>aurea,</strong></span> <span class='ocrx_word' id='word_1_135' title='bbox 1178 2157 1271 2211; x_wconf 84' lang='lat' dir='ltr'><strong>Pallas</strong></span> 
     </span>
     <span class='ocr_line' id='line_1_22' title="bbox 438 2232 1288 2302; baseline 0.001 -19"><span class='ocrx_word' id='word_1_136' title='bbox 438 2232 510 2299; x_wconf 78' lang='lat' dir='ltr'><strong>Ergo</strong></span> <span class='ocrx_word' id='word_1_137' title='bbox 528 2237 564 2300; x_wconf 91' lang='lat' dir='ltr'><strong>et,</strong></span> <span class='ocrx_word' id='word_1_138' title='bbox 582 2250 663 2301; x_wconf 89' lang='lat' dir='ltr'><strong>quam</strong></span> <span class='ocrx_word' id='word_1_139' title='bbox 681 2234 781 2302; x_wconf 91' lang='lat' dir='ltr'><strong>petitis,</strong></span> <span class='ocrx_word' id='word_1_140' title='bbox 798 2235 890 2288; x_wconf 88' lang='lat' dir='ltr'><strong>iuncta</strong></span> <span class='ocrx_word' id='word_1_141' title='bbox 909 2238 952 2287; x_wconf 89' lang='lat' dir='ltr'><strong>ost</strong></span> <span class='ocrx_word' id='word_1_142' title='bbox 969 2233 1035 2286; x_wconf 91' lang='lat' dir='ltr'><strong>mihi</strong></span> <span class='ocrx_word' id='word_1_143' title='bbox 1054 2233 1165 2287; x_wconf 87' lang='lat' dir='ltr'><strong>foedere</strong></span> <span class='ocrx_word' id='word_1_144' title='bbox 1184 2232 1288 2298; x_wconf 82' lang='lat' dir='ltr'><strong>dextra,</strong></span> 
     </span>
     <span class='ocr_line' id='line_1_23' title="bbox 430 2306 1290 2378; baseline 0.003 -20"><span class='ocrx_word' id='word_1_145' title='bbox 430 2306 481 2374; x_wconf 84' lang='lat' dir='ltr'><strong>Et,</strong></span> <span class='ocrx_word' id='word_1_146' title='bbox 499 2307 546 2360; x_wconf 83' lang='lat' dir='ltr'><strong>lux</strong></span> <span class='ocrx_word' id='word_1_147' title='bbox 563 2325 625 2361; x_wconf 91' lang='lat' dir='ltr'><strong>cnm</strong></span> <span class='ocrx_word' id='word_1_148' title='bbox 643 2309 762 2377; x_wconf 88' lang='lat' dir='ltr'><strong>primurn</strong></span> <span class='ocrx_word' id='word_1_149' title='bbox 780 2309 863 2361; x_wconf 90' lang='lat' dir='ltr'><strong>terris</strong></span> <span class='ocrx_word' id='word_1_150' title='bbox 882 2327 911 2363; x_wconf 88' lang='lat' dir='ltr'><strong>se</strong></span> <span class='ocrx_word' id='word_1_151' title='bbox 928 2310 1047 2363; x_wconf 89' lang='lat' dir='ltr'><strong>crastina</strong></span> <span class='ocrx_word' id='word_1_152' title='bbox 1065 2309 1172 2378; x_wconf 90' lang='lat' dir='ltr'><strong>reddet,</strong></span> <span class='ocrx_word' id='word_1_153' title='bbox 1253 2319 1290 2362; x_wconf 81' lang='grc'><strong>171</strong></span> 
     </span>
     <span class='ocr_line' id='line_1_24' title="bbox 439 2382 1109 2453; baseline 0.004 -18"><span class='ocrx_word' id='word_1_154' title='bbox 439 2382 549 2435; x_wconf 87' lang='lat' dir='ltr'><strong>Auxilio</strong></span> <span class='ocrx_word' id='word_1_155' title='bbox 565 2383 652 2436; x_wconf 88' lang='lat' dir='ltr'><strong>laetos</strong></span> <span class='ocrx_word' id='word_1_156' title='bbox 670 2382 816 2450; x_wconf 88' lang='lat' dir='ltr'><strong>dimittam,</strong></span> <span class='ocrx_word' id='word_1_157' title='bbox 835 2384 987 2453; x_wconf 88' lang='lat' dir='ltr'><strong>opibusque</strong></span> <span class='ocrx_word' id='word_1_158' title='bbox 1004 2384 1109 2438; x_wconf 87' lang='lat' dir='ltr'><strong>iuvabo.</strong></span> 
     </span>
     <span class='ocr_line' id='line_1_25' title="bbox 439 2458 1168 2529; baseline 0.004 -19"><span class='ocrx_word' id='word_1_159' title='bbox 439 2458 550 2511; x_wconf 89' lang='lat' dir='ltr'><strong>Interea</strong></span> <span class='ocrx_word' id='word_1_160' title='bbox 568 2474 645 2513; x_wconf 86' lang='lat' dir='ltr'><strong>sacra</strong></span> <span class='ocrx_word' id='word_1_161' title='bbox 662 2459 736 2527; x_wconf 86' lang='lat' dir='ltr'><strong>haec,</strong></span> <span class='ocrx_word' id='word_1_162' title='bbox 754 2459 863 2529; x_wconf 88' lang='lat' dir='ltr'><strong>quando</strong></span> <span class='ocrx_word' id='word_1_163' title='bbox 882 2461 934 2514; x_wconf 92' lang='lat' dir='ltr'><strong>huc</strong></span> <span class='ocrx_word' id='word_1_164' title='bbox 951 2460 1064 2515; x_wconf 88' lang='lat' dir='ltr'><strong>venistis</strong></span> <span class='ocrx_word' id='word_1_165' title='bbox 1081 2460 1168 2529; x_wconf 87' lang='lat' dir='ltr'><strong>amici,</strong></span> 
     </span>
     <span class='ocr_line' id='line_1_26' title="bbox 439 2534 1159 2603; baseline 0.004 -16"><span class='ocrx_word' id='word_1_166' title='bbox 439 2535 544 2602; x_wconf 87' lang='lat' dir='ltr'><strong>Annua,</strong></span> <span class='ocrx_word' id='word_1_167' title='bbox 563 2551 633 2603; x_wconf 90' lang='lat' dir='ltr'><strong>quae</strong></span> <span class='ocrx_word' id='word_1_168' title='bbox 652 2534 761 2589; x_wconf 85' lang='lat' dir='ltr'><strong>differre</strong></span> <span class='ocrx_word' id='word_1_169' title='bbox 778 2536 863 2602; x_wconf 87' lang='lat' dir='ltr'><strong>nefas,</strong></span> <span class='ocrx_word' id='word_1_170' title='bbox 882 2536 1018 2590; x_wconf 87' lang='lat' dir='ltr'><strong>celebrate</strong></span> <span class='ocrx_word' id='word_1_171' title='bbox 1035 2537 1159 2590; x_wconf 89' lang='lat' dir='ltr'><strong>faventes</strong></span> 
     </span>
     <span class='ocr_line' id='line_1_27' title="bbox 438 2609 1247 2683; baseline 0.006 -21"><span class='ocrx_word' id='word_1_172' title='bbox 438 2609 593 2677; x_wconf 90' lang='lat' dir='ltr'><strong>Nobiscum,</strong></span> <span class='ocrx_word' id='word_1_173' title='bbox 611 2614 641 2666; x_wconf 91' lang='lat' dir='ltr'><strong>et</strong></span> <span class='ocrx_word' id='word_1_174' title='bbox 658 2610 712 2663; x_wconf 90' lang='lat' dir='ltr'><strong>iam</strong></span> <span class='ocrx_word' id='word_1_175' title='bbox 729 2628 800 2665; x_wconf 90' lang='lat' dir='ltr'><strong>nunc</strong></span> <span class='ocrx_word' id='word_1_176' title='bbox 818 2612 951 2665; x_wconf 89' lang='lat' dir='ltr'><strong>sociorum</strong></span> <span class='ocrx_word' id='word_1_177' title='bbox 969 2612 1122 2667; x_wconf 87' lang='lat' dir='ltr'><strong>adsuescite</strong></span> <span class='ocrx_word' id='word_1_178' title='bbox 1140 2612 1247 2683; x_wconf 79' lang='lat' dir='ltr'><strong>mensis</strong></span> 
     </span>
     <span class='ocr_line' id='line_1_28' title="bbox 459 2686 1290 2756; baseline 0.005 -17"><span class='ocrx_word' id='word_1_179' title='bbox 459 2686 549 2740; x_wconf 69' lang='lat' dir='ltr'><strong>⁴Haec</strong></span> <span class='ocrx_word' id='word_1_180' title='bbox 566 2687 612 2740; x_wconf 93' lang='lat' dir='ltr'><strong>ubi</strong></span> <span class='ocrx_word' id='word_1_181' title='bbox 630 2687 710 2754; x_wconf 88' lang='lat' dir='ltr'><strong>dicta,</strong></span> <span class='ocrx_word' id='word_1_182' title='bbox 728 2687 813 2755; x_wconf 90' lang='lat' dir='ltr'><strong>dapes</strong></span> <span class='ocrx_word' id='word_1_183' title='bbox 831 2687 909 2741; x_wconf 92' lang='lat' dir='ltr'><strong>iubet</strong></span> <span class='ocrx_word' id='word_1_184' title='bbox 927 2690 956 2741; x_wconf 89' lang='lat' dir='ltr'><strong>et</strong></span> <span class='ocrx_word' id='word_1_185' title='bbox 974 2688 1080 2742; x_wconf 88' lang='lat' dir='ltr'><strong>sublata</strong></span> <span class='ocrx_word' id='word_1_186' title='bbox 1097 2688 1193 2756; x_wconf 89' lang='lat' dir='ltr'><strong>reponi</strong></span> <span class='ocrx_word' id='word_1_187' title='bbox 1254 2701 1290 2743; x_wconf 76' lang='grc'><strong>111</strong></span> 
     </span>
     <span class='ocr_line' id='line_1_29' title="bbox 440 2763 1116 2833; baseline 0.003 -18"><span class='ocrx_word' id='word_1_188' title='bbox 440 2764 546 2832; x_wconf 90' lang='lat' dir='ltr'><strong>Pocula,</strong></span> <span class='ocrx_word' id='word_1_189' title='bbox 562 2764 756 2831; x_wconf 85' lang='lat' dir='ltr'><strong>gramineoque</strong></span> <span class='ocrx_word' id='word_1_190' title='bbox 773 2763 846 2818; x_wconf 87' lang='lat' dir='ltr'><strong>viros</strong></span> <span class='ocrx_word' id='word_1_191' title='bbox 863 2765 936 2818; x_wconf 88' lang='lat' dir='ltr'><strong>locat</strong></span> <span class='ocrx_word' id='word_1_192' title='bbox 953 2765 1012 2833; x_wconf 90' lang='lat' dir='ltr'><strong>ipse</strong></span> <span class='ocrx_word' id='word_1_193' title='bbox 1029 2763 1116 2829; x_wconf 88' lang='lat' dir='ltr'><strong>sedili,</strong></span> 
     </span>
     <span class='ocr_line' id='line_1_30' title="bbox 441 2839 1093 2908; baseline 0.002 -16"><span class='ocrx_word' id='word_1_194' title='bbox 441 2840 671 2908; x_wconf 86' lang='lat' dir='ltr'><strong>Praecipuumque</strong></span> <span class='ocrx_word' id='word_1_195' title='bbox 689 2842 750 2893; x_wconf 90' lang='lat' dir='ltr'><strong>toro</strong></span> <span class='ocrx_word' id='word_1_196' title='bbox 768 2843 797 2893; x_wconf 92' lang='lat' dir='ltr'><strong>et</strong></span> <span class='ocrx_word' id='word_1_197' title='bbox 815 2840 901 2893; x_wconf 88' lang='lat' dir='ltr'><strong>villosi</strong></span> <span class='ocrx_word' id='word_1_198' title='bbox 918 2839 990 2908; x_wconf 88' lang='lat' dir='ltr'><strong>pelle</strong></span> <span class='ocrx_word' id='word_1_199' title='bbox 1007 2839 1093 2893; x_wconf 87' lang='lat' dir='ltr'><strong>leonis</strong></span> 
     </span>
    </p>
   </div>
   <div class='ocr_carea' id='block_1_3' title="bbox 437 2903 1290 3135">
    <p class='ocr_par' dir='ltr' id='par_1_3' title="bbox 437 2903 1290 3135">
     <span class='ocr_line' id='line_1_31' title="bbox 440 2903 1065 2984; baseline -0.002 -15"><span class='ocrx_word' id='word_1_200' title='bbox 440 2903 547 2983; x_wconf 86' lang='lat' dir='ltr'><strong>Accipit</strong></span> <span class='ocrx_word' id='word_1_201' title='bbox 567 2918 688 2981; x_wconf 90' lang='lat' dir='ltr'><strong>Aenean,</strong></span> <span class='ocrx_word' id='word_1_202' title='bbox 707 2915 826 2984; x_wconf 89' lang='lat' dir='ltr'><strong>sohoquc</strong></span> <span class='ocrx_word' id='word_1_203' title='bbox 843 2916 943 2970; x_wconf 82' lang='lat' dir='ltr'><strong>invitat</strong></span> <span class='ocrx_word' id='word_1_204' title='bbox 960 2931 1065 2969; x_wconf 86' lang='lat' dir='ltr'><strong>acerno.</strong></span> 
     </span>
     <span class='ocr_line' id='line_1_32' title="bbox 437 2991 1145 3060; baseline 0 -15"><span class='ocrx_word' id='word_1_205' title='bbox 437 2993 505 3046; x_wconf 80' lang='lat' dir='ltr'><strong>Tum</strong></span> <span class='ocrx_word' id='word_1_206' title='bbox 522 2993 587 3048; x_wconf 89' lang='lat' dir='ltr'><strong>lecti</strong></span> <span class='ocrx_word' id='word_1_207' title='bbox 604 2994 715 3047; x_wconf 86' lang='lat' dir='ltr'><strong>iuvenes</strong></span> <span class='ocrx_word' id='word_1_208' title='bbox 732 2993 859 3046; x_wconf 85' lang='lat' dir='ltr'><strong>certatim</strong></span> <span class='ocrx_word' id='word_1_209' title='bbox 879 3008 997 3060; x_wconf 88' lang='lat' dir='ltr'><strong>araeque</strong></span> <span class='ocrx_word' id='word_1_210' title='bbox 1016 2991 1145 3045; x_wconf 88' lang='lat' dir='ltr'><strong>sacerdos</strong></span> 
     </span>
     <span class='ocr_line' id='line_1_33' title="bbox 439 3067 1290 3135; baseline 0.005 -14"><span class='ocrx_word' id='word_1_211' title='bbox 439 3069 550 3123; x_wconf 84' lang='lat' dir='ltr'><strong>Viscera</strong></span> <span class='ocrx_word' id='word_1_212' title='bbox 560 3072 634 3123; x_wconf 90' lang='lat' dir='ltr'><strong>tosta</strong></span> <span class='ocrx_word' id='word_1_213' title='bbox 644 3070 736 3122; x_wconf 82' lang='grc'><strong>1111111</strong></span> <span class='ocrx_word' id='word_1_214' title='bbox 747 3072 896 3135; x_wconf 88' lang='lat' dir='ltr'><strong>taurorum,</strong></span> <span class='ocrx_word' id='word_1_215' title='bbox 908 3070 1076 3134; x_wconf 88' lang='lat' dir='ltr'><strong>onerantque</strong></span> <span class='ocrx_word' id='word_1_216' title='bbox 1094 3067 1220 3122; x_wconf 77' lang='lat' dir='ltr'><strong>canistris</strong></span> <span class='ocrx_word' id='word_1_217' title='bbox 1253 3082 1290 3125; x_wconf 77' lang='lat'><strong>1⁸⁰</strong></span> 
     </span>
    </p>
   </div>
   <div class='ocr_carea' id='block_1_4' title="bbox 433 3142 1302 3677">
    <p class='ocr_par' dir='ltr' id='par_1_4' title="bbox 438 3142 1203 3365">
     <span class='ocr_line' id='line_1_34' title="bbox 438 3142 1203 3212; baseline 0.003 -15"><span class='ocrx_word' id='word_1_218' title='bbox 438 3145 517 3199; x_wconf 90' lang='lat' dir='ltr'><strong>Dona</strong></span> <span class='ocrx_word' id='word_1_219' title='bbox 534 3145 674 3199; x_wconf 86' lang='lat' dir='ltr'><strong>laboratae</strong></span> <span class='ocrx_word' id='word_1_220' title='bbox 694 3144 808 3212; x_wconf 83' lang='lat' dir='ltr'><strong>Cereris,</strong></span> <span class='ocrx_word' id='word_1_221' title='bbox 827 3144 1020 3210; x_wconf 89' lang='lat' dir='ltr'><strong>Bacchumque</strong></span> <span class='ocrx_word' id='word_1_222' title='bbox 1037 3142 1203 3199; x_wconf 90' lang='lat' dir='ltr'><strong>ministrant.</strong></span> 
     </span>
     <span class='ocr_line' id='line_1_35' title="bbox 438 3218 1117 3276; baseline 0 -3"><span class='ocrx_word' id='word_1_223' title='bbox 438 3220 567 3276; x_wconf 84' lang='lat' dir='ltr'><strong>Vescitur</strong></span> <span class='ocrx_word' id='word_1_224' title='bbox 585 3223 694 3276; x_wconf 86' lang='lat' dir='ltr'><strong>Aeneas</strong></span> <span class='ocrx_word' id='word_1_225' title='bbox 711 3221 791 3274; x_wconf 88' lang='lat' dir='ltr'><strong>simul</strong></span> <span class='ocrx_word' id='word_1_226' title='bbox 809 3223 839 3275; x_wconf 89' lang='grc'><strong>11</strong></span> <span class='ocrx_word' id='word_1_227' title='bbox 857 3220 972 3273; x_wconf 80' lang='lat' dir='ltr'><strong>Troiana</strong></span> <span class='ocrx_word' id='word_1_228' title='bbox 989 3218 1117 3273; x_wconf 85' lang='lat' dir='ltr'><strong>iuventus</strong></span> 
     </span>
     <span class='ocr_line' id='line_1_36' title="bbox 438 3294 1083 3365; baseline -0.002 -17"><span class='ocrx_word' id='word_1_229' title='bbox 438 3295 569 3365; x_wconf 88' lang='lat' dir='ltr'><strong>Perpetui</strong></span> <span class='ocrx_word' id='word_1_230' title='bbox 586 3302 665 3365; x_wconf 91' lang='lat' dir='ltr'><strong>tergo</strong></span> <span class='ocrx_word' id='word_1_231' title='bbox 681 3297 759 3351; x_wconf 83' lang='lat' dir='ltr'><strong>bovis</strong></span> <span class='ocrx_word' id='word_1_232' title='bbox 777 3301 807 3351; x_wconf 91' lang='lat' dir='ltr'><strong>et</strong></span> <span class='ocrx_word' id='word_1_233' title='bbox 824 3294 985 3349; x_wconf 90' lang='lat' dir='ltr'><strong>lustralibus</strong></span> <span class='ocrx_word' id='word_1_234' title='bbox 1003 3295 1083 3348; x_wconf 86' lang='lat' dir='ltr'><strong>extis.</strong></span> 
     </span>
    </p>

    <p class='ocr_par' dir='ltr' id='par_1_5' title="bbox 433 3370 1302 3677">
     <span class='ocr_line' id='line_1_37' title="bbox 474 3370 1289 3446; baseline 0 -22"><span class='ocrx_word' id='word_1_235' title='bbox 474 3372 622 3441; x_wconf 90' lang='lat' dir='ltr'><strong>Postquam</strong></span> <span class='ocrx_word' id='word_1_236' title='bbox 635 3378 763 3441; x_wconf 83' lang='lat' dir='ltr'><strong>exempta</strong></span> <span class='ocrx_word' id='word_1_237' title='bbox 774 3374 859 3427; x_wconf 81' lang='lat' dir='ltr'><strong>fames</strong></span> <span class='ocrx_word' id='word_1_238' title='bbox 872 3376 900 3425; x_wconf 90' lang='lat' dir='ltr'><strong>et</strong></span> <span class='ocrx_word' id='word_1_239' title='bbox 912 3388 988 3424; x_wconf 88' lang='lat' dir='ltr'><strong>arnor</strong></span> <span class='ocrx_word' id='word_1_240' title='bbox 999 3386 1170 3439; x_wconf 88' lang='lat' dir='ltr'><strong>compressus</strong></span> <span class='ocrx_word' id='word_1_241' title='bbox 1181 3370 1289 3446; x_wconf 80' lang='lat' dir='ltr'><strong>edendi,</strong></span> 
     </span>
     <span class='ocr_line' id='line_1_38' title="bbox 439 3446 1302 3510; baseline -0.005 -9"><span class='ocrx_word' id='word_1_242' title='bbox 439 3447 500 3501; x_wconf 83' lang='lat' dir='ltr'><strong>Rex</strong></span> <span class='ocrx_word' id='word_1_243' title='bbox 518 3448 662 3501; x_wconf 80' lang='lat' dir='ltr'><strong>Euandrus</strong></span> <span class='ocrx_word' id='word_1_244' title='bbox 679 3451 731 3503; x_wconf 90' lang='lat' dir='ltr'><strong>ait:</strong></span> <span class='ocrx_word' id='word_1_245' title='bbox 750 3449 775 3502; x_wconf 89' lang='lat' dir='ltr'>N</span> <span class='ocrx_word' id='word_1_246' title='bbox 777 3466 812 3501; x_wconf 92' lang='lat' dir='ltr'><strong>on</strong></span> <span class='ocrx_word' id='word_1_247' title='bbox 829 3449 898 3502; x_wconf 88' lang='lat' dir='ltr'><strong>haec</strong></span> <span class='ocrx_word' id='word_1_248' title='bbox 916 3447 1058 3501; x_wconf 88' lang='lat' dir='ltr'><strong>sollemnia</strong></span> <span class='ocrx_word' id='word_1_249' title='bbox 1073 3446 1166 3510; x_wconf 84' lang='lat' dir='ltr'><strong>nobis,</strong></span> <span class='ocrx_word' id='word_1_250' title='bbox 1255 3461 1302 3493; x_wconf 69' lang='lat' dir='ltr'><strong>xes</strong></span> 
     </span>
     <span class='ocr_line' id='line_1_39' title="bbox 440 3522 1189 3594; baseline -0.005 -19"><span class='ocrx_word' id='word_1_251' title='bbox 440 3522 499 3576; x_wconf 89' lang='lat' dir='ltr'><strong>Has</strong></span> <span class='ocrx_word' id='word_1_252' title='bbox 517 3540 551 3575; x_wconf 80' lang='lat' dir='ltr'><strong>cx</strong></span> <span class='ocrx_word' id='word_1_253' title='bbox 568 3540 644 3577; x_wconf 90' lang='lat' dir='ltr'><strong>more</strong></span> <span class='ocrx_word' id='word_1_254' title='bbox 663 3524 756 3594; x_wconf 90' lang='lat' dir='ltr'><strong>dapes,</strong></span> <span class='ocrx_word' id='word_1_255' title='bbox 774 3524 847 3582; x_wconf 89' lang='lat' dir='ltr'><strong>hanc</strong></span> <span class='ocrx_word' id='word_1_256' title='bbox 863 3525 941 3581; x_wconf 85' lang='lat' dir='ltr'><strong>tanti</strong></span> <span class='ocrx_word' id='word_1_257' title='bbox 957 3523 1086 3578; x_wconf 73' lang='lat' dir='ltr'><strong>nummus</strong></span> <span class='ocrx_word' id='word_1_258' title='bbox 1101 3534 1189 3572; x_wconf 72' lang='lat' dir='ltr'><strong>aram</strong></span> 
     </span>
     <span class='ocr_line' id='line_1_40' title="bbox 433 3597 1176 3677; baseline -0.003 -28"><span class='ocrx_word' id='word_1_259' title='bbox 433 3597 508 3650; x_wconf 85' lang='lat' dir='ltr'><strong>Vana</strong></span> <span class='ocrx_word' id='word_1_260' title='bbox 525 3599 689 3667; x_wconf 85' lang='lat' dir='ltr'><strong>superstitio</strong></span> <span class='ocrx_word' id='word_1_261' title='bbox 707 3607 903 3677; x_wconf 81' lang='lat' dir='ltr'><strong>veterumque</strong></span> <span class='ocrx_word' id='word_1_262' title='bbox 919 3605 1028 3674; x_wconf 77' lang='lat' dir='ltr'><strong>ignara</strong></span> <span class='ocrx_word' id='word_1_263' title='bbox 1045 3598 1176 3651; x_wconf 72' lang='lat' dir='ltr'><strong>deorum</strong></span> 
     </span>
    </p>
   </div>
   <div class='ocr_carea' id='block_1_5' title="bbox 417 3670 1126 3752">
    <p class='ocr_par' dir='ltr' id='par_1_6' title="bbox 417 3670 1126 3752">
     <span class='ocr_line' id='line_1_41' title="bbox 417 3670 1126 3752; baseline -0.028 -11"><span class='ocrx_word' id='word_1_264' title='bbox 417 3670 559 3739; x_wconf 63' lang='lat' dir='ltr'><strong>Inposuit:</strong></span> <span class='ocrx_word' id='word_1_265' title='bbox 578 3679 682 3747; x_wconf 86' lang='lat' dir='ltr'><strong>saevis,</strong></span> <span class='ocrx_word' id='word_1_266' title='bbox 700 3678 813 3752; x_wconf 87' lang='lat' dir='ltr'><strong>hospes</strong></span> <span class='ocrx_word' id='word_1_267' title='bbox 832 3682 978 3749; x_wconf 75' lang='lat' dir='ltr'><strong>Troiane,</strong></span> <span class='ocrx_word' id='word_1_268' title='bbox 996 3672 1126 3747; x_wconf 66' lang='lat' dir='ltr'><strong>perietis</strong></span> 
     </span>
    </p>
   </div>
   <div class='ocr_carea' id='block_1_6' title="bbox 1324 3587 1350 3616">
    <p class='ocr_par' dir='ltr' id='par_1_7' title="bbox 1324 3587 1350 3616">
     <span class='ocr_line' id='line_1_42' title="bbox 1324 3587 1350 3616; baseline 0 0"><span class='ocrx_word' id='word_1_269' title='bbox 1324 3587 1350 3616; x_wconf 55' lang='lat' dir='ltr'>w</span> 
     </span>
    </p>
   </div>
   <div class='ocr_carea' id='block_1_7' title="bbox 0 0 1742 4367">
    <p class='ocr_par' dir='ltr' id='par_1_8' title="bbox 0 0 1742 4367">
     <span class='ocr_line' id='line_1_43' title="bbox 0 0 1742 4367; baseline 0 0"><span class='ocrx_word' id='word_1_270' title='bbox 0 0 1742 4367; x_wconf 95' lang='lat' dir='ltr'><strong> </strong></span> 
     </span>
    </p>
   </div>
  </div>
 </body>
</html>
