3467 4367
701 638 887 689 AENEIDOS
909 639 979 691 LIB.
1000 640 1036 687 X.
1103 650 1107 655 '
1248 645 1295 691 285

446 720 586 791 Defendit,
603 723 761 791 multosque
776 722 855 791 palus
874 721 1030 788 Laurentia,
1048 723 1116 776 silva

445 796 546 859 Bastus
557 799 715 865 arundinea,
727 802 872 866 postquam
883 798 957 851 inter
967 798 1039 852 retia
1051 802 1162 853 ventum
1175 802 1225 868 est,
1260 813 1297 854 πο

444 870 583 941 Substitit,
601 873 797 941 infremuitque
814 873 892 926 ferox
909 874 939 926 et
957 872 1093 926 inhorruit
1110 888 1218 939 armos;

444 946 503 1001 Nec
521 948 647 1016 cuiquam
664 950 745 1003 irasci
762 948 910 1017 propiusve
926 948 1057 1002 accedere
1075 949 1170 1017 virtus,

436 1022 500 1076 Sed
517 1024 612 1078 iaculis
629 1026 753 1093 tutisque
770 1022 864 1093 procul
883 1023 1046 1078 clamoribus
1063 1026 1183 1080 instant:

445 1098 529 1153 Haud
547 1101 635 1169 aliter,
655 1102 744 1155 iustae
761 1100 861 1170 quihus
880 1103 923 1153 est
941 1100 1096 1155 Mezentius
1113 1102 1178 1170 irae,

445 1173 506 1228 Non
523 1176 571 1229 ulli
589 1181 633 1231 est
651 1179 758 1231 animus
776 1176 872 1230 stricto
890 1192 1051 1229 concurrere
1068 1177 1155 1242 ferro;
1260 1192 1297 1233 zlt

443 1249 594 1307 Missilibus
611 1254 692 1323 longe
711 1257 740 1308 et
757 1255 835 1306 vasto
852 1252 971 1305 clamore
989 1251 1140 1307 lacessunt:

443 1327 495 1381 Ille
513 1332 605 1382 autem
623 1330 766 1399 inpavidus
784 1327 872 1398 partis
889 1331 1034 1381 minutatur
1051 1328 1079 1380 iu
1097 1330 1191 1397 omnis,

442 1402 581 1457 Dentibus
598 1406 765 1472 infrendens,
784 1407 813 1458 et
831 1407 911 1471 tergo
932 1403 1039 1456 decutit
1057 1402 1155 1458 hastas.

442 1478 567 1533 Venerat
584 1481 705 1550 antiquis
723 1480 835 1548 Corythi
854 1479 891 1532 de
908 1478 1009 1532 linibus
1027 1480 1129 1547 Acron,

441 1554 541 1608 Graius
552 1556 640 1623 homo,
653 1557 768 1610 infectos
780 1556 907 1624 linquens
919 1555 1050 1624 profugus
1062 1554 1238 1624 hymenaeos,
1258 1572 1296 1613 rao
1356 1585 1362 1599 ν

443 1629 524 1683 Hunc
541 1630 588 1684 ubi
606 1633 767 1687 miscentem
785 1630 865 1699 longe
884 1631 976 1685 media
994 1630 1104 1698 agmina
1121 1631 1199 1700 vidit,

442 1704 613 1773 Purpureum
631 1709 727 1776 pennis
745 1711 775 1762 et
791 1711 889 1776 pactae
906 1706 1028 1775 coniugis
1046 1711 1134 1761 ostro:

442 1780 571 1850 Inpastus
588 1784 697 1838 stabula
714 1785 770 1839 alta
788 1784 831 1839 leo
848 1799 900 1839 ceu
918 1799 999 1852 saepe
1016 1799 1174 1853 peragrans,

441 1858 544 1915 Suadet
561 1861 633 1914 enim
652 1878 752 1915 vesana
769 1861 863 1928 tamea,
882 1859 905 1913 si
922 1860 994 1913 forte
1011 1860 1138 1927 bigacem

440 1934 589 2004 Conspexit
609 1953 743 2005 capream,
761 1939 810 1990 aut
829 1939 989 2003 surgentem
1008 1936 1036 1988 in
1057 1953 1159 1990 cornua
1175 1953 1293 2008 cervum,

440 2009 557 2077 Gaudet,
574 2012 653 2066 hians
670 2013 787 2079 inmane,
805 2028 950 2078 comasque
967 2012 1080 2077 arrexit,
1098 2018 1128 2064 et
1145 2012 1242 2066 haeret

440 2086 599 2141 Visceribus
617 2105 700 2157 super
717 2086 893 2152 incumbens;
909 2086 977 2140 lavit
995 2085 1112 2154 inproba
1130 2089 1221 2140 taeter

440 2160 497 2214 Cra
514 2179 611 2216 cruor:

441 2236 485 2289 Sic
504 2238 559 2290 ruit
576 2237 604 2291 in
623 2238 722 2291 densos
739 2238 829 2291 alacer
846 2236 1000 2290 Mezentius
1018 2236 1113 2290 hostis.

441 2309 580 2365 Sternitur
596 2313 690 2366 infelix
710 2315 811 2380 Acron,
830 2316 859 2366 et
877 2311 995 2366 calcibus
1013 2316 1102 2365 atram
1257 2329 1294 2371 rao

441 2387 543 2441 Trmdit
560 2387 672 2440 humum
690 2389 839 2457 exspirans,
858 2387 1029 2455 infractaque
1047 2388 1104 2441 tela
1121 2392 1254 2445 cruentat.

441 2464 536 2531 Atque
553 2463 627 2516 idem
645 2464 795 2531 fugientem
813 2464 887 2517 haud
905 2466 948 2517 est
966 2463 1094 2531 dignatus
1113 2463 1223 2519 Oroden

440 2538 578 2607 Sternere,
595 2556 645 2593 nec
663 2540 735 2594 iacta
751 2556 862 2593 caecum
880 2540 947 2593 dare
964 2540 1076 2608 cuspide
1093 2541 1207 2607 volnns3

440 2615 544 2668 Obvius
562 2615 733 2684 adversoque
751 2616 876 2682 occurrit
895 2633 979 2686 seque
997 2616 1056 2668 viro
1074 2616 1116 2669 vir

440 2691 570 2760 Contulit,
588 2692 663 2745 haud
680 2693 754 2745 furto
773 2693 875 2758 melior,
885 2692 943 2752 ,sed
960 2691 1076 2745 fortibus
1091 2693 1186 2746 armis.
1256 2708 1292 2748 rso

439 2768 508 2820 'lum
526 2784 608 2836 super
626 2768 764 2821 abiectum
782 2769 872 2838 posito
889 2769 961 2836 pede
980 2768 1060 2821 nixus
1078 2772 1107 2821 et
1124 2769 1217 2822 hasta:
1274 2771 1279 2776 ⁴

440 2844 507 2897 Pars
524 2844 590 2897 belli
608 2844 682 2897 haud
699 2845 855 2912 temnenda,
875 2844 934 2910 viri,
953 2844 1025 2897 iacet
1042 2843 1114 2897 altus
1133 2843 1247 2898 Orodes.

439 2920 615 2975 Conclamant
632 2920 697 2974 socii
714 2920 817 2974 laetum
835 2936 940 2989 paeana
958 2918 1052 2973 secuti.

440 2995 491 3050 llle
509 3001 602 3051 autem
620 2997 775 3065 exspirans:
793 2997 855 3050 Non
873 3013 925 3064 me,
944 2996 1108 3064 quicumque
1126 3012 1162 3060 es,
1180 2996 1274 3065 inulto,

438 3071 543 3140 Victor,
562 3090 612 3128 neo
629 3074 739 3141 longum
758 3073 914 3137 laetabere3
931 3076 961 3126 te
979 3088 1088 3141 quoque
1105 3071 1163 3125 fata
1255 3087 1292 3128 740

439 3147 620 3217 Prospectant
638 3150 720 3219 paria,
740 3152 824 3218 atque
841 3148 938 3202 eadem
956 3164 1020 3201 mox
1038 3164 1103 3201 arva
1120 3146 1234 3203 tenebis.

441 3223 487 3275 Ad
506 3242 588 3291 quem
607 3225 751 3279 subridens
769 3226 856 3279 mixta
875 3225 1029 3277 Mezentius
1046 3224 1100 3277 ira:

439 3298 518 3351 Nuue
527 3316 640 3354 morere.
659 3303 713 3356 Ast
723 3300 758 3355 de
768 3318 812 3355 me
821 3301 913 3354 divom
920 3303 1001 3369 pater
1008 3300 1290 3368 atquehominumrex

441 3373 556 3428 Viderit.
588 3376 649 3429 Hoc
668 3375 761 3430 dicens
779 3377 876 3431 eduxit
894 3392 1007 3445 corpore
1024 3376 1118 3429 telum.

439 3450 493 3503 Olli
512 3451 582 3504 dura
599 3452 677 3519 quies
694 3449 785 3505 obulos
802 3457 831 3508 et
848 3455 954 3508 ferreus
971 3457 1071 3521 urguet
1255 3468 1300 3505 uss

439 3526 555 3579 Somnus
560 3548 569 3593 ,·
586 3528 613 3578 in
631 3532 773 3582 aeternam
791 3529 962 3586 clauduntur
976 3529 1094 3583 lumina
1105 3529 1237 3580 noctem.

431 3601 566 3655 Caedicus
583 3603 756 3660 Alcathoum
775 3607 946 3680 obtruncat,
962 3608 1105 3663 Sacrator
1119 3598 1309 3664 Mlb‘fflmr

416 3674 664 3753 Partheniumque
685 3684 773 3758 Rapo
794 3690 825 3744 et
844 3688 1043 3761 praedurum
1057 3673 1183 3737 attubus
1199 3668 1319 3717 qma,
