3467 4367
454 636 485 680 36
688 630 718 682 P.
737 632 891 682 VERGILI
908 633 1076 683 MARONIS
1106 687 1108 692 ,

454 714 588 782 Tempore
600 730 765 782 quamquam
777 713 824 767 illo
835 714 918 768 tellus
931 732 1040 784 quoque
1053 720 1081 770 et
1094 734 1214 787 aequora
1225 719 1313 789 ponti,

454 791 650 861 Obscenaeque
668 807 756 855 canes,
774 790 994 860 inportunaeque
1013 792 1135 847 volueres
1275 810 1314 852 no
1344 793 1347 800 “

453 869 537 936 Signa
555 867 665 921 dabant.
702 866 835 931 Quotiens
854 866 1001 936 Cyclopum
1020 869 1151 923 effervere
1169 870 1197 924 in
1215 888 1299 940 agros

453 945 581 999 Vidimus
598 944 749 997 undantem
766 943 856 1011 ruptis
875 944 1034 999 fornacibus
1051 946 1180 1013 Aetnam,

453 1022 692 1089 Flammarumque
709 1019 805 1087 globos
822 1019 1025 1089 liquefactaque
1043 1022 1153 1075 volvere
1171 1028 1251 1079 saxa!

454 1102 601 1152 Armorum
620 1097 738 1150 sonitum
755 1099 814 1150 toto
833 1096 982 1150 Germania
1000 1098 1074 1152 caelo

453 1174 566 1239 Audiit3
583 1172 698 1227 insolitis
716 1175 889 1226 tremuerunt
908 1174 1028 1227 motibus
1048 1174 1138 1242 Alpes
1275 1191 1313 1233 tro

382 1265 389 1274 ⁸
452 1250 514 1304 Vox
532 1266 640 1319 qnoque
658 1265 708 1320 per
725 1248 800 1301 lucos
818 1249 896 1318 volgo
914 1250 1044 1304 exaudita
1062 1251 1173 1319 silentis,

452 1327 562 1395 Ingens,
580 1329 610 1380 et
628 1326 772 1379 simulacra
788 1326 877 1379 modis
895 1325 1025 1395 pallentia
1041 1328 1116 1380 miris
1287 1320 1290 1326 ’

452 1395 519 1457 Visa
536 1402 587 1457 sub
605 1402 750 1456 obscurum
769 1402 871 1467 noctis;
892 1402 1065 1471 pecudesque
1083 1403 1197 1473 locutae,

452 1480 611 1534 Infandum!
632 1480 733 1532 sistunt
751 1494 852 1545 amnes,
872 1482 1019 1547 terraeque
1037 1480 1189 1547 dehiscunt,

451 1551 789 1609 Etmaestuminlacrimat
799 1554 909 1622 templis
917 1553 1119 1624 ebur,aeraque
1127 1556 1235 1611 sudant
1272 1572 1311 1612 4⁸⁰

451 1631 557 1686 Proluit
573 1631 668 1685 insano
687 1634 868 1698 contorquens
886 1632 988 1685 vertice
1006 1631 1087 1685 silvas

452 1708 607 1761 Fluviornm
625 1724 674 1760 rex
693 1706 833 1770 Eridanus,
851 1723 1016 1776 camposque
1034 1725 1084 1776 per
1102 1709 1189 1762 omnis

450 1784 520 1839 Cum
538 1783 651 1838 stabulis
670 1787 795 1836 armenta
811 1782 883 1837 tulit.
920 1784 979 1838 Nec
997 1788 1122 1853 tempore
1139 1784 1237 1839 eodem

450 1860 585 1915 Tristibus
602 1863 651 1914 aut
669 1860 741 1913 extis
759 1858 845 1913 fibrae
863 1860 997 1929 adparere
1015 1861 1140 1926 minaces,

451 1938 511 1991 Aut
528 1937 618 2006 puteis
635 1952 746 1989 manare
763 1951 844 1989 cruor
861 1938 986 2004 cessavit,
1005 1939 1035 1990 et
1053 1937 1125 1990 altae
1270 1955 1309 1995 oss

451 2012 505 2067 Per
521 2015 629 2066 noctem
646 2028 776 2065 resonare
793 2011 863 2080 lupis
882 2012 1047 2067 ululantibus
1064 2012 1154 2067 urbes.

450 2088 512 2143 Non
529 2089 596 2142 alias
613 2087 688 2142 caelo
705 2087 865 2142 oeciderunt
882 2089 961 2157 plura
979 2104 1074 2143 sereno

450 2164 578 2234 Fulgura,
596 2182 647 2219 nec
665 2164 718 2218 diri
736 2164 838 2218 totiens
856 2181 948 2219 arsere
966 2169 1096 2219 cometae.

449 2239 523 2311 Ergo
539 2242 612 2296 inter
630 2258 690 2296 sese
706 2239 819 2309 paribus
837 2257 998 2295 concurrere
1017 2240 1080 2294 telis

450 2316 586 2372 Romanas
603 2319 675 2371 acies
691 2317 793 2370 iterum
811 2317 907 2370 videre
928 2316 1060 2385 Philippi;
1268 2334 1307 2374 mo

449 2376 508 2447 Nec
524 2394 577 2446 fuit
593 2393 736 2461 indignum
755 2394 867 2461 superis,
887 2391 929 2447 bis
947 2393 1077 2461 sanguine
1094 2397 1187 2448 nostro

450 2465 603 2522 Emathiam
621 2472 651 2521 et
667 2469 738 2521 latos
757 2467 857 2521 Haemi
876 2470 1054 2538 pinguescere
1071 2486 1186 2539 campos.

449 2544 605 2601 Scilicet.et
622 2545 731 2611 tempus
750 2543 849 2613 veniet,
868 2561 930 2598 cum
949 2546 1048 2601 finibus
1065 2546 1118 2600 illis

449 2619 586 2688 Agricola,
603 2620 714 2673 incurvo
732 2621 835 2672 terram
855 2622 965 2676 molitus
983 2626 1083 2689 aratro,

450 2692 539 2750 mesa
554 2695 675 2750 inveniet
692 2695 789 2749 scabra
806 2696 932 2765 robigine
950 2699 1013 2767 pila,
1266 2715 1305 2756 oss

450 2772 510 2826 Aut
526 2770 654 2839 gravibus
672 2772 768 2825 rastris
784 2773 877 2841 galeas
895 2773 1016 2843 pulsabit
1039 2774 1132 2840 inanis,
1239 2805 1243 2812 ·

449 2848 625 2917 Grandiaque
644 2847 748 2902 effossis
765 2849 912 2904 mirabitur
930 2866 992 2903 ossa
1010 2849 1166 2918 sepulchris.

449 2922 486 2978 Di
503 2925 593 2993 patrii,
613 2924 761 2993 Indigetes,
781 2928 810 2978 et
830 2926 946 2980 Romule
965 2926 1105 2995 Vestaque
1123 2928 1220 2993 mater,

450 3000 526 3065 Quae
543 3001 660 3054 Tuscum
679 3000 798 3055 Tiberim
816 3006 845 3056 et
864 3002 987 3056 Romana
1005 3003 1111 3057 Palatia
1127 3018 1227 3070 servas,

449 3076 530 3131 Hunc
548 3076 646 3131 saltem
664 3093 759 3131 everso
776 3077 902 3133 iuvenem
920 3096 1077 3138 succurrere
1094 3078 1182 3133 saeclo
1266 3096 1304 3135 eoo

448 3151 475 3204 N
476 3168 492 3205 e
509 3152 667 3220 prohibete!
705 3152 777 3207 Satis
794 3154 848 3207 iam
865 3155 974 3225 pridem
991 3157 1121 3224 sanguine
1138 3159 1233 3211 nostro

449 3226 668 3297 Laomedonteae
685 3230 784 3284 luimus
802 3232 922 3299 periuria
941 3231 1052 3298 Troiae;

448 3301 634 3375 iampridem
651 3305 729 3358 nobis
747 3306 861 3360 caelite
880 3308 962 3375 regia,
981 3308 1089 3375 Caesar,

449 3376 567 3447 Invidet,
585 3384 670 3449 atque
687 3381 826 3435 hominum
846 3384 972 3451 queritur
990 3400 1086 3438 curare
1103 3384 1273 3455 triumphos;

446 3453 555 3522 Quippe
566 3456 612 3509 ubi
623 3456 667 3511 las
681 3473 788 3510 versum
799 3460 884 3528 atque
895 3459 985 3514 nefas:
1001 3462 1043 3513 tot
1054 3458 1127 3513 bella
1138 3477 1188 3528 per
1198 3462 1303 3533 orbem,

429 3523 498 3610 qsam
514 3532 626 3587 multae
644 3533 784 3589 scelerum
803 3534 907 3604 faeies;
924 3553 984 3591 non
999 3536 1076 3590 ullus
1091 3539 1186 3589 aratro
1277 3552 1319 3587 sos

408 3591 529 3683 {Jaegnus
545 3606 655 3675 Ironos;
674 3612 817 3681 squalent
833 3613 974 3670 abductis
991 3629 1063 3668 arra
1079 3609 1195 3671 colonis,

430 3672 568 3734 ‘cume
587 3685 727 3754 rigidum
745 3690 840 3747 fulcos
861 3692 1032 3747 condantur
1050 3689 1087 3743 in
1102 3697 1213 3739 ensem.
