3467 4367
466 613 498 661 5⁰
700 610 730 657 Ρ.
749 607 904 657 vuaomi
921 607 1086 658 Maeonis

470 691 542 744 Alba
560 706 649 760 neque
669 690 783 758 Assyrio
801 691 911 743 fucatur
928 688 992 743 lana
1008 697 1121 758 veneno,
1293 708 1331 748 111

469 767 527 820 1111
545 767 618 820 casia
635 766 731 834 liquidi
749 766 936 833 corrumpitur
953 782 1019 819 usus
1038 766 1115 822 olivi:

470 844 510 896 At
528 859 625 897 secura
643 843 720 910 quies
738 846 767 897 et
785 843 876 896 nescia
894 842 990 895 fallere
1010 843 1073 908 vita,

469 919 553 973 Dives
570 935 654 986 opum
672 919 815 984 variarum,
834 923 864 972 at
881 917 946 971 latis
964 919 1021 972 otia
1039 919 1139 986 hmdis,

470 996 628 1064 Speluncae,
647 995 756 1062 vivique
774 994 856 1061 lacus,
876 999 906 1048 at
923 994 1024 1060 frigida
1043 994 1153 1065 Tempe,

471 1072 649 1139 Mugitusque
666 1070 755 1135 boum,
774 1071 926 1139 mollesque
944 1070 995 1123 snb
1014 1070 1112 1125 arbore
1131 1075 1220 1129 somni
1294 1091 1332 1132 nro

471 1148 496 1201 N
499 1165 533 1201 on
551 1147 667 1212 absunt;
685 1147 740 1200 illic
759 1147 846 1200 saltus
863 1163 896 1200 ac
913 1147 1001 1200 lustra
1016 1147 1145 1216 ferarum,

471 1225 508 1278 Et
525 1225 633 1293 patiens
652 1240 764 1292 operum
783 1224 937 1291 exiguoque
955 1223 1071 1277 adsueta
1088 1223 1224 1294 iuventus,

471 1301 554 1354 Sacra
572 1300 662 1368 deum,
681 1300 824 1368 sanctique
841 1303 950 1368 patres;
972 1303 1097 1353 extrema
1114 1317 1165 1369 per
1181 1300 1245 1355 illos

473 1377 585 1431 Iustitia
603 1377 740 1431 excedens
758 1377 840 1430 terris
858 1376 975 1443 vestigia
992 1375 1066 1429 fecit.

507 1453 554 1506 Me
572 1469 637 1506 vero
654 1453 773 1521 primum
792 1452 886 1505 dulces
904 1455 968 1504 ante
987 1452 1077 1504 ornnia
1095 1451 1199 1520 Musae,
1239 1502 1243 1509 .
1297 1472 1334 1509 475

473 1529 594 1593 Quarum
613 1546 689 1582 sacra
706 1529 764 1582 fero
782 1528 888 1596 ingenti
906 1543 1051 1596 percussus
1069 1544 1169 1595 amore,
1203 1572 1204 1576 ,

473 1606 624 1673 Accipiunt,
643 1605 766 1672 caelique
784 1604 842 1657 vias
860 1609 890 1658 et
908 1603 999 1657 sidera
1016 1606 1178 1669 monstrent,

474 1682 603 1735 Defectus
622 1680 686 1734 solis
704 1680 800 1748 varios,
818 1681 954 1748 lunaeque
971 1680 1088 1745 labores,

474 1758 556 1811 Unde
575 1761 679 1811 tremor
696 1757 786 1824 terris,
805 1773 860 1825 qua
878 1757 904 1809 vi
922 1757 1008 1809 maria
1027 1756 1084 1810 alta
1101 1759 1258 1811 tumescant

474 1833 613 1888 Obiicibns
630 1833 719 1902 ruptis
737 1849 886 1901 rursusque
905 1833 933 1885 in
952 1848 981 1886 se
999 1833 1059 1901 ipsa
1077 1832 1207 1900 residant,
1297 1850 1335 1887 seo

475 1910 547 1974 Quid
565 1913 674 1963 tantum
692 1908 802 1962 Oceano
820 1912 970 1978 properent
989 1925 1019 1962 se
1037 1909 1164 1977 tinguere
1181 1909 1253 1963 soles

475 1985 600 2053 Hiberni‚
619 1984 662 2038 vel
680 2002 750 2054 quae
769 1985 857 2039 tardis
875 2000 953 2038 mora
971 1985 1096 2038 noctibus
1115 1984 1213 2039 obstet.

475 2062 529 2129 Sin,
548 2061 598 2115 has
615 2079 650 2116 ue
667 2062 770 2131 possim
787 2064 903 2115 naturae
921 2061 1054 2115 accedere
1071 2061 1164 2129 partis,

475 2139 606 2207 Frigidus
623 2139 764 2193 obstiterit
782 2138 885 2191 circum
903 2138 1062 2205 praecordia
1082 2137 1199 2205 sanguis,

475 2217 551 2270 Rura
569 2215 635 2269 mihi
653 2219 683 2270 et
700 2215 770 2283 rigui
788 2214 915 2283 placeant
932 2214 960 2266 in
978 2213 1094 2267 vallibus
1112 2229 1220 2278 amnes;
1297 2230 1334 2269 111

476 2292 602 2345 Flumina
620 2308 708 2345 amem
727 2291 862 2359 silvasque
881 2289 1018 2357 inglorius.
1057 2289 1088 2355 Ο,
1108 2288 1155 2341 nbi
1169 2290 1258 2358 campi

476 2368 692 2438 Spercheusque,
712 2371 741 2421 et
759 2366 909 2434 virginibus
927 2366 1058 2420 bacchata
1078 2365 1207 2419 Lacaenis

476 2444 611 2513 Taygeta}
635 2460 658 2511 o,
678 2444 725 2512 qui
742 2459 787 2495 me
805 2441 905 2509 gelidis
923 2441 1090 2495 convallibus
1109 2440 1208 2493 Haemi

476 2521 570 2587 Sistat,
590 2523 619 2573 et
636 2519 740 2586 ingenti
758 2534 895 2571 ramorum
914 2520 1042 2586 protegat
1059 2512 1168 2569 umbra!

477 2596 563 2663 Felix,
583 2595 629 2664 qui
648 2594 738 2662 potuit
756 2610 848 2647 rerum
867 2610 1029 2662 cognoscere
1047 2608 1163 2659 caussas,
1298 2608 1336 2648 roo

478 2674 572 2740 Atque
591 2674 680 2723 metus
699 2670 786 2723 omnis
804 2673 833 2725 et
851 2670 1018 2724 inexorabile
1036 2670 1123 2723 fatum

478 2748 598 2802 Subiecit
616 2746 732 2813 pedibus
751 2747 953 2816 strepitumque
975 2746 1141 2800 Acherontis
1158 2746 1248 2801 avari!

478 2825 647 2889 Fortunatus
665 2826 695 2876 11
712 2823 766 2891 1111,
786 2823 854 2877 deos
873 2825 919 2892 qui
938 2823 1013 2876 novit
1031 2823 1154 2890 agrestis,

478 2901 607 2969 Panaque
626 2899 820 2969 Silvanumque
838 2917 932 2954 senem
952 2899 1148 2967 Nymphasque
1166 2903 1289 2955 sororesl

479 2977 561 3033 Illum
579 2994 633 3030 non
651 2977 744 3047 populi
762 2978 856 3046 fasces,
875 2994 928 3031 non
947 2989 1068 3046 purpura
1085 2992 1181 3044 regum
1299 2993 1337 3032 no

479 3055 570 3108 Fleuit
587 3057 616 3108 et
633 3054 731 3108 infidos
749 3055 855 3122 agitans
873 3054 1008 3107 discordia
1025 3053 1132 3115 iratres,

480 3133 538 3185 Aut
556 3132 695 3185 coniurato
715 3132 883 3185 descendas
903 3131 994 3183 Dacus
1012 3130 1047 3183 ab
1067 3129 1172 3196 Histro,

479 3207 541 3260 Non
559 3224 604 3260 res
623 3208 762 3261 Romanae
779 3209 963 3277 perituraque·
977 3224 1076 3274 regna3
1097 3221 1187 3274 neque
1204 3205 1252 3259 illc

479 3286 538 3338 Aut
557 3284 645 3338 doluit
663 3285 794 3338 miserans
812 3285 928 3353 inopem,
947 3287 996 3337 aut
1014 3283 1112 3337 invidit
1130 3281 1250 3335 habenti.

480 3359 553 3424 Quos
571 3361 639 3414 rami
657 3361 770 3427 fructus,
789 3377 858 3428 quos
876 3360 935 3428 ipsa
953 3359 1072 3413 volentia
1089 3376 1154 3412 rura
1300 3372 1338 3412 1111

477 3437 582 3503 Sponte
600 3438 690 3491 tulere
709 3453 764 3502 sua,
783 3436 893 3505 carpsit,
911 3452 962 3489 nec
979 3436 1070 3490 ferrea
1088 3436 1148 3488 iura

461 3510 658 3583 Insanamque
675 3514 768 3569 forum
788 3516 839 3569 aut
857 3513 957 3585 populi
972 3513 1114 3567 tabularia
1128 3509 1210 3562 uidit.

443 3582 613 3643 Solhhr'taut
630 3590 681 3645 alii
701 3594 792 3649 remis
810 3595 892 3650 freta
909 3608 1006 3659 caeca,
1022 3591 1170 3651 tumtum

372 3681 382 3782 1
426 3652 464 3703 ID
482 3658 611 3735 amnt
626 3675 803 3737 penetrant
821 3674 910 3731 aulas
932 3674 968 3726 et
983 3666 1089 3723 limina
1105 3671 1229 3723 regum,
