3467 4367
696 632 901 681 GEORGICON
924 633 995 683 LIB.
1021 632 1075 681 ΙΙΙ.
1273 633 1305 679 65

455 705 521 761 Γαω
539 723 605 761 vero
621 708 753 764 ardentes
770 710 841 765 oculi
859 714 944 779 atque
962 713 1097 765 attractus
1115 709 1150 763 ab
1168 709 1224 763 alto
1269 721 1307 763 ror

451 782 579 852 Spiritus,
597 784 737 839 interdurn
755 787 862 854 gemitu
880 787 979 855 gravis,
998 787 1107 856 imaque
1125 785 1206 853 longo

452 859 506 913 Ilia
523 860 646 928 singultu
664 861 833 929 tendunt-it
849 862 962 917 naribus
980 866 1041 917 ater

451 935 575 1005 Sanguis,
594 941 623 991 et
641 937 766 993 obsessas
782 940 875 993 fauces
893 940 996 1009 premit
1011 954 1109 1007 aspera
1126 938 1225 1006 lingua

452 1014 561 1069 Profuit
579 1015 684 1069 inserto
702 1016 799 1070 latices
816 1016 962 1069 infundere
980 1031 1064 1069 cornu

452 1091 589 1157 Lenaeos;
611 1108 644 1145 ea
661 1089 720 1145 visa
737 1092 810 1145 salus
829 1091 1011 1145 morientibus
1030 1109 1098 1157 una3
1270 1104 1307 1145 tit

452 1167 519 1221 Mox
537 1171 597 1222 erat
614 1167 666 1222 hoe
681 1168 772 1236 ipsum
790 1168 884 1235 exitio,
904 1168 1039 1237 furiisque
1057 1167 1156 1223 refecti

451 1242 606 1310 Ardebant,
623 1243 731 1311 ipsique
750 1261 813 1299 suos
831 1244 885 1297 iarn
904 1248 994 1297 morte
1012 1244 1063 1298 sub
1081 1259 1198 1312 aegra-

442 1318 487 1390 nDi
505 1320 687 1389 meliora'piis
705 1336 883 1390 erroremque
901 1320 1025 1374 hostibus
1042 1320 1172 1374 illumi-

452 1394 587 1450 Discissos
604 1396 686 1450 nudis
704 1396 845 1450 laniabant
863 1396 994 1450 dentibus
1012 1400 1097 1450 artus.

451 1472 521 1527 Eeee
539 1476 632 1527 autem
650 1472 720 1530 duro
738 1472 847 1526 fumans
865 1472 916 1526 sub
935 1488 1044 1527 vomere
1062 1476 1159 1526 taurus
1270 1486 1306 1525 515

451 1548 578 1610 Concidit
596 1552 625 1603 et
642 1550 759 1603 mixtum
777 1549 882 1617 spumis
900 1548 986 1602 vomit
1003 1565 1051 1602 ore
1068 1564 1194 1602 eruorem

450 1622 651 1693 Extremusque
668 1624 724 1678 ciet
740 1624 867 1692 gemitus.
904 1625 933 1679 It
951 1624 1041 1679 tristis
1059 1629 1159 1691 arator,

450 1700 621 1770 Maerentem
639 1700 791 1768 abiungens
809 1700 932 1755 fraterna
949 1704 1038 1755 morte
1055 1699 1207 1768 iuvencum,

452 1777 547 1845 Atque
565 1791 648 1845 opere
665 1776 693 1829 in
711 1776 802 1829 medio
820 1776 913 1831 defixa
930 1777 1062 1844 relinquit
1080 1780 1180 1830 aratra.

449 1852 511 1905 Non
527 1851 641 1906 umbrae
655 1852 774 1905 altorum
789 1867 941 1920 nemorum,
956 1870 1010 1907 non
1024 1852 1119 1905 mollia
1132 1855 1248 1920 possunt
1269 1867 1306 1907 tat

450 1927 534 1981 Prata
552 1944 662 1982 movere
680 1926 808 1995 animum,
827 1944 889 1995 non,
908 1928 956 1998 qui
974 1945 1025 1997 per
1043 1944 1108 1981 saxa
1126 1928 1236 1981 volutus

450 2004 549 2057 Purior
567 2004 669 2058 electro
687 2019 814 2071 eampum
832 2005 904 2072 petit
922 2004 1025 2071 amnis;
1045 2008 1074 2058 at
1091 2004 1147 2058 ima

449 2080 598 2134 Solvuntur
615 2080 711 2147 latera,
729 2082 814 2147 atque
832 2081 924 2134 oeulos
942 2083 1038 2149 stupor
1056 2083 1156 2148 urguet
1173 2078 1278 2145 inertis,

449 2156 497 2212 Ad
515 2160 673 2223 terramque
692 2154 754 2221 fluit
772 2154 878 2209 devexo
894 2156 1017 2225 pondere
1034 2155 1135 2209 cervix.

449 2232 523 2298 Quid
534 2232 673 2285 laborant
685 2231 830 2285 benefacta
840 2232 953 2286 iuranti
965 2230 1034 2301 quid
1047 2247 1155 2285 vomere
1169 2233 1259 2284 terras

449 2308 600 2363 Inventisse
617 2307 727 2376 gravis?
747 2307 825 2379 atqui
842 2324 896 2360 non
916 2308 1033 2361 Massica
1051 2306 1151 2360 Bacchi
1267 2322 1304 2360 tao

448 2385 572 2452 Munera,
589 2400 643 2437 non
661 2384 715 2437 illis
733 2383 831 2451 epulae
848 2399 966 2437 nocuere
984 2386 1123 2451 repostae:

448 2461 605 2515 Frondibus
623 2463 653 2513 et
670 2458 745 2513 victu
762 2462 913 2526 pascuntur
928 2459 1059 2527 simplicis
1075 2458 1184 2524 herbae,

449 2537 550 2591 Pocula
568 2539 633 2590 sunt
650 2535 740 2589 fontes
758 2534 857 2604 liquidi
876 2538 960 2605 atque
978 2535 1099 2589 exercita
1116 2552 1198 2589 eursu

448 2612 582 2680 Flumina,
600 2628 651 2666 nea
669 2628 777 2665 somnos
795 2610 935 2680 abrumpit
952 2628 1017 2665 eura
1034 2610 1157 2665 salubris.
1268 2625 1305 2665 tae

447 2689 582 2757 Tempore
599 2705 653 2742 non
672 2688 725 2741 alio
743 2687 838 2741 dieunt
856 2687 1013 2755 regionibus
1031 2687 1084 2740 illis

448 2764 593 2829 Quaesitus
611 2764 647 2817 ad
666 2781 743 2817 sacra
760 2763 844 2817 boves
863 2763 984 2831 Iunonis,
1004 2766 1034 2817 et
1052 2763 1108 2816 uris

448 2840 596 2907 Inparibus
614 2840 711 2893 ductos
729 2840 786 2894 alta
802 2840 839 2893 ad
857 2839 970 2893 donaria
987 2856 1091 2893 currus

447 2915 522 2982 Ergo
539 2931 621 2983 aegre
639 2914 736 2969 rastris
755 2918 858 2969 terram
877 2914 1019 2983 rimantur,
1038 2919 1067 2968 et
1087 2914 1151 2983 ¹'psis

447 2990 593 3057 Unguibus
610 2990 749 3045 infodiunt
766 2990 867 3059 fruges,
886 2990 1042 3058 montisque
1061 3007 1110 3058 per
1127 2990 1199 3045 altos
1265 3008 1302 3048 535

446 3066 585 3121 Contenta
603 3066 708 3121 cervice
726 3066 841 3120 trahunt
859 3066 1006 3120 stridentia
1024 3066 1157 3135 plaustra.

445 3141 472 3195 N
474 3158 509 3195 on
526 3142 607 3211 lupus
624 3141 737 3196 insidias
755 3143 881 3212 explorat
897 3142 979 3195 ovilia
998 3142 1107 3210 circum,

445 3217 471 3270 N
474 3234 506 3271 ee
522 3217 652 3287 gregibus
670 3222 819 3273 nocturnus
836 3217 1011 3284 obambulat;
1030 3219 1118 3272 acrior
1135 3218 1212 3274 illum

445 3294 519 3347 Oura
537 3292 645 3361 domat;
665 3294 756 3348 timidi
775 3294 900 3349 dammae
917 3295 1046 3364 cervique
1063 3294 1174 3363 lugaoes
1215 3292 1217 3297 '

444 3368 471 3421 N
474 3386 527 3423 une
543 3369 671 3440 interque
689 3387 770 3425 canes
787 3373 816 3424 et
833 3370 935 3426 circum
954 3374 1029 3425 tecta
1047 3373 1190 3439 vagantur.
1263 3388 1301 3429 sae

445 3445 506 3498 lam
525 3447 608 3500 maris
628 3446 743 3501 inmensi
760 3448 866 3517 prolem
884 3450 915 3503 et
931 3464 1020 3519 genus
1036 3463 1121 3501 omne
1133 3450 1291 3499 natentum

438 3522 536 3574 litere
552 3523 579 3575 in
598 3528 733 3595 extremo,
753 3544 805 3584 ceu
823 3528 966 3602 naufraga
983 3544 1117 3599 eorpora,
1131 3523 1242 3577 boatu*

427 3593 554 3662 Prome
572 3602 704 3660 insolitae
724 3606 846 3679 fugiunt
863 3608 899 3666 in
917 3608 1045 3665 llumina
1060 3608 1189 3677 phoenu-

415 3668 525 3738 larem
543 3681 575 3730 et
594 3684 691 3738 curris
712 3686 835 3747 frustra
851 3690 987 3748 defensa
1001 3683 1141 3744 latenas
