<?xml version="1.0" encoding="UTF-8"?>
<!DOCTYPE html PUBLIC "-//W3C//DTD XHTML 1.0 Transitional//EN"
    "http://www.w3.org/TR/xhtml1/DTD/xhtml1-transitional.dtd">
<html xmlns="http://www.w3.org/1999/xhtml" xml:lang="en" lang="en">
 <head>
  <title>
</title>
<meta http-equiv="Content-Type" content="text/html;charset=utf-8" />
  <meta name='ocr-system' content='tesseract 3.04.00' />
  <meta name='ocr-capabilities' content='ocr_page ocr_carea ocr_par ocr_line ocrx_word'/>
</head>
<body>
  <div class='ocr_page' id='page_1' title='image "./publivergilimar02virggoog/publivergilimar02virggoog_0218.png"; bbox 0 0 3467 4367; ppageno 0'>
   <div class='ocr_carea' id='block_1_1' title="bbox 458 612 1072 664">
    <p class='ocr_par' dir='ltr' id='par_1_1' title="bbox 458 612 1072 664">
     <span class='ocr_line' id='line_1_1' title="bbox 458 612 1072 664; baseline -0.005 -1"><span class='ocrx_word' id='word_1_1' title='bbox 458 616 505 664; x_wconf 78' lang='lat'>208</span> <span class='ocrx_word' id='word_1_2' title='bbox 689 614 719 664; x_wconf 88' lang='lat' dir='ltr'>P.</span> <span class='ocrx_word' id='word_1_3' title='bbox 737 613 892 661; x_wconf 82' lang='lat' dir='ltr'><strong>VERGILI</strong></span> <span class='ocrx_word' id='word_1_4' title='bbox 909 612 1072 661; x_wconf 65' lang='lat' dir='ltr'>Mauortis</span> 
     </span>
    </p>
   </div>
   <div class='ocr_carea' id='block_1_2' title="bbox 448 694 1314 3660">
    <p class='ocr_par' dir='ltr' id='par_1_2' title="bbox 458 694 1310 916">
     <span class='ocr_line' id='line_1_2' title="bbox 458 694 1247 763; baseline 0 -14"><span class='ocrx_word' id='word_1_5' title='bbox 458 695 619 749; x_wconf 77' lang='lat' dir='ltr'><strong>Adventare</strong></span> <span class='ocrx_word' id='word_1_6' title='bbox 637 695 732 762; x_wconf 84' lang='lat' dir='ltr'>virum,</span> <span class='ocrx_word' id='word_1_7' title='bbox 750 696 780 748; x_wconf 84' lang='lat' dir='ltr'>et</span> <span class='ocrx_word' id='word_1_8' title='bbox 798 694 887 763; x_wconf 85' lang='lat' dir='ltr'>partis</span> <span class='ocrx_word' id='word_1_9' title='bbox 904 696 1002 763; x_wconf 85' lang='lat' dir='ltr'>petere</span> <span class='ocrx_word' id='word_1_10' title='bbox 1016 709 1114 761; x_wconf 89' lang='lat' dir='ltr'>agmen</span> <span class='ocrx_word' id='word_1_11' title='bbox 1132 695 1247 762; x_wconf 36' lang='lat' dir='ltr'>easdem·</span> 
     </span>
     <span class='ocr_line' id='line_1_3' title="bbox 458 770 1310 835; baseline 0 -10"><span class='ocrx_word' id='word_1_12' title='bbox 458 771 587 826; x_wconf 84' lang='lat' dir='ltr'>Partibus</span> <span class='ocrx_word' id='word_1_13' title='bbox 600 788 640 830; x_wconf 67' lang='lat' dir='ltr'>,ex</span> <span class='ocrx_word' id='word_1_14' title='bbox 657 771 750 835; x_wconf 88' lang='lat' dir='ltr'>isdem,</span> <span class='ocrx_word' id='word_1_15' title='bbox 768 775 798 825; x_wconf 86' lang='lat' dir='ltr'>et</span> <span class='ocrx_word' id='word_1_16' title='bbox 816 785 922 825; x_wconf 86' lang='lat' dir='ltr'>summa</span> <span class='ocrx_word' id='word_1_17' title='bbox 939 770 1104 824; x_wconf 85' lang='lat' dir='ltr'>dominarier</span> <span class='ocrx_word' id='word_1_18' title='bbox 1121 787 1191 825; x_wconf 89' lang='lat' dir='ltr'>aree.</span> <span class='ocrx_word' id='word_1_19' title='bbox 1285 786 1310 825; x_wconf 79' lang='lat' dir='ltr'>ro</span> 
     </span>
     <span class='ocr_line' id='line_1_4' title="bbox 458 846 1136 916; baseline -0.001 -16"><span class='ocrx_word' id='word_1_20' title='bbox 458 846 613 916; x_wconf 84' lang='lat' dir='ltr'>Praeterea,</span> <span class='ocrx_word' id='word_1_21' title='bbox 631 848 712 901; x_wconf 84' lang='lat' dir='ltr'>castis</span> <span class='ocrx_word' id='word_1_22' title='bbox 729 847 822 901; x_wconf 87' lang='lat' dir='ltr'>adolet</span> <span class='ocrx_word' id='word_1_23' title='bbox 840 847 906 900; x_wconf 94' lang='lat' dir='ltr'>dum</span> <span class='ocrx_word' id='word_1_24' title='bbox 924 847 1022 901; x_wconf 87' lang='lat' dir='ltr'>altaria</span> <span class='ocrx_word' id='word_1_25' title='bbox 1039 846 1136 913; x_wconf 82' lang='lat' dir='ltr'>taedis,</span> 
     </span>
    </p>

    <p class='ocr_par' dir='ltr' id='par_1_3' title="bbox 458 923 1105 992">
     <span class='ocr_line' id='line_1_5' title="bbox 458 923 1105 992; baseline 0 -15"><span class='ocrx_word' id='word_1_26' title='bbox 458 923 499 977; x_wconf 86' lang='lat' dir='ltr'>Ut</span> <span class='ocrx_word' id='word_1_27' title='bbox 517 924 593 978; x_wconf 83' lang='lat' dir='ltr'>iuxta</span> <span class='ocrx_word' id='word_1_28' title='bbox 609 925 762 992; x_wconf 75' lang='lat' dir='ltr'><strong>genitorem</strong></span> <span class='ocrx_word' id='word_1_29' title='bbox 780 924 873 977; x_wconf 82' lang='lat' dir='ltr'>adstat</span> <span class='ocrx_word' id='word_1_30' title='bbox 891 923 1006 976; x_wconf 86' lang='lat' dir='ltr'>Lavinia</span> <span class='ocrx_word' id='word_1_31' title='bbox 1021 924 1105 990; x_wconf 84' lang='lat' dir='ltr'>virgo,</span> 
     </span>
    </p>

    <p class='ocr_par' dir='ltr' id='par_1_4' title="bbox 460 998 1197 1068">
     <span class='ocr_line' id='line_1_6' title="bbox 460 998 1197 1068; baseline 0.001 -16"><span class='ocrx_word' id='word_1_32' title='bbox 460 999 533 1067; x_wconf 84' lang='lat' dir='ltr'>Visa,</span> <span class='ocrx_word' id='word_1_33' title='bbox 551 1001 634 1068; x_wconf 83' lang='lat' dir='ltr'>nefas,</span> <span class='ocrx_word' id='word_1_34' title='bbox 653 999 740 1067; x_wconf 90' lang='lat' dir='ltr'>longis</span> <span class='ocrx_word' id='word_1_35' title='bbox 757 999 944 1068; x_wconf 71' lang='lat' dir='ltr'>conprendere</span> <span class='ocrx_word' id='word_1_36' title='bbox 961 998 1081 1053; x_wconf 88' lang='lat' dir='ltr'>crinibus</span> <span class='ocrx_word' id='word_1_37' title='bbox 1098 1000 1197 1067; x_wconf 86' lang='lat' dir='ltr'>ignem,</span> 
     </span>
    </p>

    <p class='ocr_par' dir='ltr' id='par_1_5' title="bbox 459 1075 1311 1296">
     <span class='ocr_line' id='line_1_7' title="bbox 459 1075 1264 1143; baseline 0 -14"><span class='ocrx_word' id='word_1_38' title='bbox 459 1076 554 1143; x_wconf 84' lang='lat' dir='ltr'>Atque</span> <span class='ocrx_word' id='word_1_39' title='bbox 572 1093 680 1130; x_wconf 91' lang='lat' dir='ltr'>omnem</span> <span class='ocrx_word' id='word_1_40' title='bbox 698 1080 825 1129; x_wconf 90' lang='lat' dir='ltr'>ornatum</span> <span class='ocrx_word' id='word_1_41' title='bbox 842 1076 952 1128; x_wconf 87' lang='lat' dir='ltr'>flamma</span> <span class='ocrx_word' id='word_1_42' title='bbox 970 1076 1122 1143; x_wconf 73' lang='lat' dir='ltr'>crepitante</span> <span class='ocrx_word' id='word_1_43' title='bbox 1140 1075 1264 1142; x_wconf 84' lang='lat' dir='ltr'>cremari,</span> 
     </span>
     <span class='ocr_line' id='line_1_8' title="bbox 459 1151 1311 1220; baseline -0.001 -16"><span class='ocrx_word' id='word_1_44' title='bbox 459 1151 625 1220; x_wconf 77' lang='lat' dir='ltr'>Regalisque</span> <span class='ocrx_word' id='word_1_45' title='bbox 642 1169 754 1206; x_wconf 84' lang='lat' dir='ltr'>accensa</span> <span class='ocrx_word' id='word_1_46' title='bbox 770 1167 868 1217; x_wconf 88' lang='lat' dir='ltr'>comas,</span> <span class='ocrx_word' id='word_1_47' title='bbox 887 1167 1000 1205; x_wconf 86' lang='lat' dir='ltr'>accensa</span> <span class='ocrx_word' id='word_1_48' title='bbox 1010 1167 1151 1218; x_wconf 87' lang='lat' dir='ltr'>coronam,</span> <span class='ocrx_word' id='word_1_49' title='bbox 1286 1163 1311 1204; x_wconf 77' lang='lat'>⁷⁶</span> 
     </span>
     <span class='ocr_line' id='line_1_9' title="bbox 460 1226 1155 1296; baseline 0.001 -17"><span class='ocrx_word' id='word_1_50' title='bbox 460 1227 600 1295; x_wconf 83' lang='lat' dir='ltr'>Insignem</span> <span class='ocrx_word' id='word_1_51' title='bbox 617 1229 746 1296; x_wconf 89' lang='lat' dir='ltr'>gemmis;</span> <span class='ocrx_word' id='word_1_52' title='bbox 763 1231 822 1280; x_wconf 90' lang='lat' dir='ltr'>tum</span> <span class='ocrx_word' id='word_1_53' title='bbox 840 1226 945 1281; x_wconf 84' lang='lat' dir='ltr'>hrmida</span> <span class='ocrx_word' id='word_1_54' title='bbox 963 1227 1063 1279; x_wconf 89' lang='lat' dir='ltr'>lumine</span> <span class='ocrx_word' id='word_1_55' title='bbox 1081 1226 1155 1280; x_wconf 84' lang='lat' dir='ltr'>fulvo</span> 
     </span>
    </p>

    <p class='ocr_par' dir='ltr' id='par_1_6' title="bbox 460 1303 1129 1372">
     <span class='ocr_line' id='line_1_10' title="bbox 460 1303 1129 1372; baseline 0 -16"><span class='ocrx_word' id='word_1_56' title='bbox 460 1303 572 1372; x_wconf 88' lang='lat' dir='ltr'>Involvi,</span> <span class='ocrx_word' id='word_1_57' title='bbox 591 1321 622 1357; x_wconf 86' lang='lat' dir='ltr'>ac</span> <span class='ocrx_word' id='word_1_58' title='bbox 639 1304 706 1358; x_wconf 88' lang='lat' dir='ltr'>totis</span> <span class='ocrx_word' id='word_1_59' title='bbox 725 1304 875 1357; x_wconf 90' lang='lat' dir='ltr'>Volcanum</span> <span class='ocrx_word' id='word_1_60' title='bbox 894 1319 1023 1371; x_wconf 90' lang='lat' dir='ltr'>spargere</span> <span class='ocrx_word' id='word_1_61' title='bbox 1041 1304 1129 1356; x_wconf 85' lang='lat' dir='ltr'>tectis.</span> 
     </span>
    </p>

    <p class='ocr_par' dir='ltr' id='par_1_7' title="bbox 460 1379 1129 1434">
     <span class='ocr_line' id='line_1_11' title="bbox 460 1379 1129 1434; baseline 0.001 -1"><span class='ocrx_word' id='word_1_62' title='bbox 460 1379 495 1433; x_wconf 95' lang='lat' dir='ltr'>Id</span> <span class='ocrx_word' id='word_1_63' title='bbox 513 1396 578 1434; x_wconf 87' lang='lat' dir='ltr'>vero</span> <span class='ocrx_word' id='word_1_64' title='bbox 595 1380 762 1434; x_wconf 89' lang='lat' dir='ltr'>horrendum</span> <span class='ocrx_word' id='word_1_65' title='bbox 779 1396 811 1433; x_wconf 85' lang='lat' dir='ltr'>ac</span> <span class='ocrx_word' id='word_1_66' title='bbox 828 1380 888 1433; x_wconf 85' lang='lat' dir='ltr'>visu</span> <span class='ocrx_word' id='word_1_67' title='bbox 906 1379 1030 1432; x_wconf 87' lang='lat' dir='ltr'>mirabile</span> <span class='ocrx_word' id='word_1_68' title='bbox 1047 1380 1129 1434; x_wconf 82' lang='lat' dir='ltr'>ferri:</span> 
     </span>
    </p>

    <p class='ocr_par' dir='ltr' id='par_1_8' title="bbox 458 1455 1311 1676">
     <span class='ocr_line' id='line_1_12' title="bbox 460 1455 1287 1525; baseline 0.001 -16"><span class='ocrx_word' id='word_1_69' title='bbox 460 1457 586 1525; x_wconf 80' lang='lat' dir='ltr'>Namque</span> <span class='ocrx_word' id='word_1_70' title='bbox 602 1457 661 1510; x_wconf 87' lang='lat' dir='ltr'>fore</span> <span class='ocrx_word' id='word_1_71' title='bbox 677 1457 819 1510; x_wconf 79' lang='lat' dir='ltr'>inlustrem</span> <span class='ocrx_word' id='word_1_72' title='bbox 837 1455 909 1508; x_wconf 87' lang='lat' dir='ltr'>fama</span> <span class='ocrx_word' id='word_1_73' title='bbox 926 1455 1046 1523; x_wconf 85' lang='lat' dir='ltr'>fatisque</span> <span class='ocrx_word' id='word_1_74' title='bbox 1064 1456 1199 1510; x_wconf 85' lang='lat' dir='ltr'>canebant</span> <span class='ocrx_word' id='word_1_75' title='bbox 1283 1516 1287 1522; x_wconf 52' lang='grc'><strong>,</strong></span> 
     </span>
     <span class='ocr_line' id='line_1_13' title="bbox 460 1530 1311 1601; baseline 0 -16"><span class='ocrx_word' id='word_1_76' title='bbox 460 1532 560 1601; x_wconf 85' lang='lat' dir='ltr'>Ipsam,</span> <span class='ocrx_word' id='word_1_77' title='bbox 579 1532 628 1585; x_wconf 92' lang='lat' dir='ltr'>sed</span> <span class='ocrx_word' id='word_1_78' title='bbox 644 1532 744 1601; x_wconf 91' lang='lat' dir='ltr'>populo</span> <span class='ocrx_word' id='word_1_79' title='bbox 761 1548 889 1600; x_wconf 90' lang='lat' dir='ltr'>magnum</span> <span class='ocrx_word' id='word_1_80' title='bbox 907 1530 1072 1599; x_wconf 91' lang='lat' dir='ltr'>portendere</span> <span class='ocrx_word' id='word_1_81' title='bbox 1090 1531 1199 1600; x_wconf 89' lang='lat' dir='ltr'>bellum,</span> <span class='ocrx_word' id='word_1_82' title='bbox 1286 1546 1311 1585; x_wconf 89' lang='lat' dir='ltr'>so</span> 
     </span>
     <span class='ocr_line' id='line_1_14' title="bbox 458 1607 1112 1676; baseline -0.002 -15"><span class='ocrx_word' id='word_1_83' title='bbox 458 1610 502 1661; x_wconf 90' lang='lat' dir='ltr'>-At</span> <span class='ocrx_word' id='word_1_84' title='bbox 520 1624 568 1661; x_wconf 86' lang='lat' dir='ltr'>rex</span> <span class='ocrx_word' id='word_1_85' title='bbox 587 1608 718 1662; x_wconf 86' lang='lat' dir='ltr'>solhcitus</span> <span class='ocrx_word' id='word_1_86' title='bbox 736 1608 872 1674; x_wconf 79' lang='lat' dir='ltr'>monstris,</span> <span class='ocrx_word' id='word_1_87' title='bbox 891 1607 999 1660; x_wconf 86' lang='lat' dir='ltr'>oracula</span> <span class='ocrx_word' id='word_1_88' title='bbox 1018 1607 1112 1676; x_wconf 83' lang='lat' dir='ltr'>Fauni,</span> 
     </span>
    </p>

    <p class='ocr_par' dir='ltr' id='par_1_9' title="bbox 460 1682 1109 1751">
     <span class='ocr_line' id='line_1_15' title="bbox 460 1682 1109 1751; baseline 0.002 -15"><span class='ocrx_word' id='word_1_89' title='bbox 460 1683 577 1736; x_wconf 82' lang='lat' dir='ltr'>Fatidici</span> <span class='ocrx_word' id='word_1_90' title='bbox 595 1684 734 1751; x_wconf 83' lang='lat' dir='ltr'>genitoris,</span> <span class='ocrx_word' id='word_1_91' title='bbox 752 1684 818 1750; x_wconf 81' lang='lat' dir='ltr'>adit,</span> <span class='ocrx_word' id='word_1_92' title='bbox 836 1683 966 1751; x_wconf 91' lang='lat' dir='ltr'>lucosque</span> <span class='ocrx_word' id='word_1_93' title='bbox 983 1683 1035 1737; x_wconf 90' lang='lat' dir='ltr'>sub</span> <span class='ocrx_word' id='word_1_94' title='bbox 1052 1682 1109 1737; x_wconf 88' lang='lat' dir='ltr'>alta</span> 
     </span>
    </p>

    <p class='ocr_par' dir='ltr' id='par_1_10' title="bbox 460 1758 1310 2055">
     <span class='ocr_line' id='line_1_16' title="bbox 460 1758 1224 1825; baseline 0.003 -13"><span class='ocrx_word' id='word_1_95' title='bbox 460 1758 584 1812; x_wconf 80' lang='lat' dir='ltr'>Consuht</span> <span class='ocrx_word' id='word_1_96' title='bbox 603 1758 735 1822; x_wconf 81' lang='lat' dir='ltr'>Albunea,</span> <span class='ocrx_word' id='word_1_97' title='bbox 753 1775 894 1812; x_wconf 89' lang='lat' dir='ltr'>nemorum</span> <span class='ocrx_word' id='word_1_98' title='bbox 913 1775 984 1825; x_wconf 89' lang='lat' dir='ltr'>quac</span> <span class='ocrx_word' id='word_1_99' title='bbox 1001 1775 1129 1812; x_wconf 83' lang='lat' dir='ltr'>maxuma</span> <span class='ocrx_word' id='word_1_100' title='bbox 1147 1776 1224 1814; x_wconf 82' lang='lat' dir='ltr'>sacro</span> 
     </span>
     <span class='ocr_line' id='line_1_17' title="bbox 461 1833 1230 1904; baseline 0.003 -17"><span class='ocrx_word' id='word_1_101' title='bbox 461 1833 549 1888; x_wconf 79' lang='lat' dir='ltr'>Fonte</span> <span class='ocrx_word' id='word_1_102' title='bbox 567 1838 652 1901; x_wconf 88' lang='lat' dir='ltr'>sonat,</span> <span class='ocrx_word' id='word_1_103' title='bbox 671 1851 832 1903; x_wconf 84' lang='lat' dir='ltr'>saevamque</span> <span class='ocrx_word' id='word_1_104' title='bbox 851 1834 961 1888; x_wconf 84' lang='lat' dir='ltr'>exhalat</span> <span class='ocrx_word' id='word_1_105' title='bbox 978 1851 1063 1902; x_wconf 74' lang='lat' dir='ltr'>opaca</span> <span class='ocrx_word' id='word_1_106' title='bbox 1080 1836 1230 1904; x_wconf 91' lang='lat' dir='ltr'>mephitim.</span> 
     </span>
     <span class='ocr_line' id='line_1_18' title="bbox 460 1910 1310 1978; baseline 0.006 -17"><span class='ocrx_word' id='word_1_107' title='bbox 460 1910 535 1964; x_wconf 93' lang='lat' dir='ltr'>Hine</span> <span class='ocrx_word' id='word_1_108' title='bbox 553 1910 642 1964; x_wconf 87' lang='lat' dir='ltr'>Italae</span> <span class='ocrx_word' id='word_1_109' title='bbox 659 1914 755 1977; x_wconf 86' lang='lat' dir='ltr'>gentes</span> <span class='ocrx_word' id='word_1_110' title='bbox 772 1911 915 1978; x_wconf 88' lang='lat' dir='ltr'>omnisque</span> <span class='ocrx_word' id='word_1_111' title='bbox 934 1910 1065 1965; x_wconf 89' lang='lat' dir='ltr'>Oenotria</span> <span class='ocrx_word' id='word_1_112' title='bbox 1082 1911 1164 1965; x_wconf 87' lang='lat' dir='ltr'>tellus</span> <span class='ocrx_word' id='word_1_113' title='bbox 1285 1927 1310 1966; x_wconf 79' lang='lat' dir='ltr'>so</span> 
     </span>
     <span class='ocr_line' id='line_1_19' title="bbox 461 1985 1194 2055; baseline 0.005 -17"><span class='ocrx_word' id='word_1_114' title='bbox 461 1985 495 2038; x_wconf 94' lang='lat' dir='ltr'>In</span> <span class='ocrx_word' id='word_1_115' title='bbox 513 1985 603 2039; x_wconf 91' lang='lat' dir='ltr'>dubiis</span> <span class='ocrx_word' id='word_1_116' title='bbox 621 2003 749 2055; x_wconf 87' lang='lat' dir='ltr'>responsa</span> <span class='ocrx_word' id='word_1_117' title='bbox 765 1991 879 2055; x_wconf 83' lang='lat' dir='ltr'>petrmt;</span> <span class='ocrx_word' id='word_1_118' title='bbox 897 1987 950 2041; x_wconf 91' lang='lat' dir='ltr'>hue</span> <span class='ocrx_word' id='word_1_119' title='bbox 968 1987 1039 2041; x_wconf 90' lang='lat' dir='ltr'>dona</span> <span class='ocrx_word' id='word_1_120' title='bbox 1057 1989 1194 2043; x_wconf 78' lang='lat' dir='ltr'>sacerdos</span> 
     </span>
    </p>

    <p class='ocr_par' dir='ltr' id='par_1_11' title="bbox 461 2061 1200 2208">
     <span class='ocr_line' id='line_1_20' title="bbox 461 2061 1200 2119; baseline 0.004 -4"><span class='ocrx_word' id='word_1_121' title='bbox 461 2061 530 2115; x_wconf 81' lang='lat' dir='ltr'>Cum</span> <span class='ocrx_word' id='word_1_122' title='bbox 548 2062 613 2117; x_wconf 89' lang='lat' dir='ltr'>tulit</span> <span class='ocrx_word' id='word_1_123' title='bbox 631 2067 660 2116; x_wconf 91' lang='lat' dir='ltr'>et</span> <span class='ocrx_word' id='word_1_124' title='bbox 677 2079 816 2117; x_wconf 88' lang='lat' dir='ltr'>caesarum</span> <span class='ocrx_word' id='word_1_125' title='bbox 835 2065 925 2117; x_wconf 85' lang='lat' dir='ltr'>ovium</span> <span class='ocrx_word' id='word_1_126' title='bbox 943 2063 1092 2117; x_wconf 84' lang='lat' dir='ltr'>subnecte</span> <span class='ocrx_word' id='word_1_127' title='bbox 1109 2064 1200 2119; x_wconf 89' lang='lat' dir='ltr'>silenti</span> 
     </span>
     <span class='ocr_line' id='line_1_21' title="bbox 463 2137 1140 2208; baseline 0.004 -17"><span class='ocrx_word' id='word_1_128' title='bbox 463 2137 583 2192; x_wconf 86' lang='lat' dir='ltr'>Pellibus</span> <span class='ocrx_word' id='word_1_129' title='bbox 601 2138 723 2192; x_wconf 84' lang='lat' dir='ltr'>incubuit</span> <span class='ocrx_word' id='word_1_130' title='bbox 741 2140 836 2193; x_wconf 88' lang='lat' dir='ltr'>stratis</span> <span class='ocrx_word' id='word_1_131' title='bbox 854 2150 1017 2207; x_wconf 89' lang='lat' dir='ltr'>somnosque</span> <span class='ocrx_word' id='word_1_132' title='bbox 1034 2140 1140 2208; x_wconf 81' lang='lat' dir='ltr'>petivit,</span> 
     </span>
    </p>

    <p class='ocr_par' dir='ltr' id='par_1_12' title="bbox 461 2213 1311 2589">
     <span class='ocr_line' id='line_1_22' title="bbox 461 2213 1172 2285; baseline 0.003 -18"><span class='ocrx_word' id='word_1_133' title='bbox 461 2213 551 2267; x_wconf 83' lang='lat' dir='ltr'>Multa</span> <span class='ocrx_word' id='word_1_134' title='bbox 568 2214 656 2268; x_wconf 91' lang='lat' dir='ltr'>modis</span> <span class='ocrx_word' id='word_1_135' title='bbox 675 2215 818 2269; x_wconf 86' lang='lat' dir='ltr'>simulacro</span> <span class='ocrx_word' id='word_1_136' title='bbox 834 2216 912 2269; x_wconf 84' lang='lat' dir='ltr'>videt</span> <span class='ocrx_word' id='word_1_137' title='bbox 930 2215 1073 2269; x_wconf 85' lang='lat' dir='ltr'>vohtantia</span> <span class='ocrx_word' id='word_1_138' title='bbox 1090 2216 1172 2285; x_wconf 88' lang='lat' dir='ltr'>miris,</span> 
     </span>
     <span class='ocr_line' id='line_1_23' title="bbox 461 2289 1311 2360; baseline 0.006 -17"><span class='ocrx_word' id='word_1_139' title='bbox 461 2289 604 2344; x_wconf 68' lang='lat' dir='ltr'>novarias</span> <span class='ocrx_word' id='word_1_140' title='bbox 622 2290 699 2345; x_wconf 85' lang='lat' dir='ltr'>audit</span> <span class='ocrx_word' id='word_1_141' title='bbox 717 2308 803 2359; x_wconf 86' lang='lat' dir='ltr'>voces,</span> <span class='ocrx_word' id='word_1_142' title='bbox 821 2292 977 2360; x_wconf 85' lang='lat' dir='ltr'>fruiturque</span> <span class='ocrx_word' id='word_1_143' title='bbox 996 2292 1109 2345; x_wconf 91' lang='lat' dir='ltr'>deorum</span> <span class='ocrx_word' id='word_1_144' title='bbox 1287 2309 1311 2348; x_wconf 87' lang='lat' dir='ltr'>oo</span> 
     </span>
     <span class='ocr_line' id='line_1_24' title="bbox 462 2365 1249 2435; baseline 0.006 -17"><span class='ocrx_word' id='word_1_145' title='bbox 462 2365 618 2435; x_wconf 85' lang='lat' dir='ltr'>Conloquio,</span> <span class='ocrx_word' id='word_1_146' title='bbox 637 2370 719 2435; x_wconf 85' lang='lat' dir='ltr'>atque</span> <span class='ocrx_word' id='word_1_147' title='bbox 737 2368 798 2420; x_wconf 87' lang='lat' dir='ltr'>imis</span> <span class='ocrx_word' id='word_1_148' title='bbox 818 2369 976 2422; x_wconf 88' lang='lat' dir='ltr'>Acheronta</span> <span class='ocrx_word' id='word_1_149' title='bbox 994 2368 1104 2421; x_wconf 86' lang='lat' dir='ltr'>adfatur</span> <span class='ocrx_word' id='word_1_150' title='bbox 1124 2370 1249 2423; x_wconf 86' lang='lat' dir='ltr'>Avernis.</span> 
     </span>
     <span class='ocr_line' id='line_1_25' title="bbox 464 2441 1208 2512; baseline 0.008 -19"><span class='ocrx_word' id='word_1_151' title='bbox 464 2441 517 2494; x_wconf 88' lang='lat' dir='ltr'>Hic</span> <span class='ocrx_word' id='word_1_152' title='bbox 533 2445 563 2494; x_wconf 90' lang='lat' dir='ltr'>et</span> <span class='ocrx_word' id='word_1_153' title='bbox 580 2446 639 2495; x_wconf 90' lang='lat' dir='ltr'>tum</span> <span class='ocrx_word' id='word_1_154' title='bbox 656 2446 736 2510; x_wconf 85' lang='lat' dir='ltr'>pater</span> <span class='ocrx_word' id='word_1_155' title='bbox 753 2444 812 2511; x_wconf 89' lang='lat' dir='ltr'>ipse</span> <span class='ocrx_word' id='word_1_156' title='bbox 829 2448 927 2512; x_wconf 85' lang='lat' dir='ltr'>petens</span> <span class='ocrx_word' id='word_1_157' title='bbox 945 2460 1074 2511; x_wconf 89' lang='lat' dir='ltr'>responsa</span> <span class='ocrx_word' id='word_1_158' title='bbox 1092 2444 1208 2499; x_wconf 84' lang='lat' dir='ltr'>Latinus</span> 
     </span>
     <span class='ocr_line' id='line_1_26' title="bbox 462 2516 1103 2589; baseline 0 -17"><span class='ocrx_word' id='word_1_159' title='bbox 462 2516 578 2572; x_wconf 83' lang='lat' dir='ltr'>Genium</span> <span class='ocrx_word' id='word_1_160' title='bbox 596 2516 731 2585; x_wconf 85' lang='lat' dir='ltr'>lanigeras</span> <span class='ocrx_word' id='word_1_161' title='bbox 748 2518 888 2573; x_wconf 87' lang='lat' dir='ltr'>mactabat</span> <span class='ocrx_word' id='word_1_162' title='bbox 904 2520 958 2573; x_wconf 89' lang='lat' dir='ltr'>rite</span> <span class='ocrx_word' id='word_1_163' title='bbox 975 2519 1103 2589; x_wconf 90' lang='lat' dir='ltr'>bidentis,</span> 
     </span>
    </p>

    <p class='ocr_par' dir='ltr' id='par_1_13' title="bbox 462 2593 1313 2814">
     <span class='ocr_line' id='line_1_27' title="bbox 463 2593 1188 2663; baseline 0.006 -17"><span class='ocrx_word' id='word_1_164' title='bbox 463 2594 557 2660; x_wconf 82' lang='lat' dir='ltr'>Atque</span> <span class='ocrx_word' id='word_1_165' title='bbox 575 2593 671 2645; x_wconf 87' lang='lat' dir='ltr'>harum</span> <span class='ocrx_word' id='word_1_166' title='bbox 690 2594 800 2647; x_wconf 88' lang='lat' dir='ltr'>effultus</span> <span class='ocrx_word' id='word_1_167' title='bbox 816 2597 896 2663; x_wconf 91' lang='lat' dir='ltr'>tergo</span> <span class='ocrx_word' id='word_1_168' title='bbox 914 2597 1063 2663; x_wconf 89' lang='lat' dir='ltr'>stratisque</span> <span class='ocrx_word' id='word_1_169' title='bbox 1079 2596 1188 2650; x_wconf 85' lang='lat' dir='ltr'>iacebat</span> 
     </span>
     <span class='ocr_line' id='line_1_28' title="bbox 463 2667 1313 2727; baseline 0.002 -6"><span class='ocrx_word' id='word_1_170' title='bbox 463 2667 630 2723; x_wconf 86' lang='lat' dir='ltr'>Velleribus:</span> <span class='ocrx_word' id='word_1_171' title='bbox 649 2669 740 2723; x_wconf 87' lang='lat' dir='ltr'>subita</span> <span class='ocrx_word' id='word_1_172' title='bbox 757 2687 792 2723; x_wconf 82' lang='lat' dir='ltr'>ex</span> <span class='ocrx_word' id='word_1_173' title='bbox 810 2670 866 2723; x_wconf 87' lang='lat' dir='ltr'>alto</span> <span class='ocrx_word' id='word_1_174' title='bbox 883 2687 936 2724; x_wconf 85' lang='lat' dir='ltr'>vox</span> <span class='ocrx_word' id='word_1_175' title='bbox 954 2671 1066 2724; x_wconf 84' lang='lat' dir='ltr'>reddita</span> <span class='ocrx_word' id='word_1_176' title='bbox 1083 2671 1144 2726; x_wconf 89' lang='lat' dir='ltr'>luco</span> <span class='ocrx_word' id='word_1_177' title='bbox 1162 2675 1219 2727; x_wconf 90' lang='lat' dir='ltr'>est:</span> <span class='ocrx_word' id='word_1_178' title='bbox 1291 2684 1313 2723; x_wconf 73' lang='lat' dir='ltr'>a</span> 
     </span>
     <span class='ocr_line' id='line_1_29' title="bbox 462 2744 1105 2814; baseline 0.006 -17"><span class='ocrx_word' id='word_1_179' title='bbox 462 2744 489 2797; x_wconf 92' lang='lat' dir='ltr'>N</span> <span class='ocrx_word' id='word_1_180' title='bbox 491 2761 506 2797; x_wconf 91' lang='lat' dir='ltr'>e</span> <span class='ocrx_word' id='word_1_181' title='bbox 523 2748 588 2813; x_wconf 90' lang='lat' dir='ltr'>pete</span> <span class='ocrx_word' id='word_1_182' title='bbox 606 2746 746 2799; x_wconf 91' lang='lat' dir='ltr'>connubiis</span> <span class='ocrx_word' id='word_1_183' title='bbox 762 2750 854 2800; x_wconf 85' lang='lat' dir='ltr'>natam</span> <span class='ocrx_word' id='word_1_184' title='bbox 873 2748 976 2801; x_wconf 88' lang='lat' dir='ltr'>sociare</span> <span class='ocrx_word' id='word_1_185' title='bbox 993 2747 1105 2814; x_wconf 85' lang='lat' dir='ltr'>Latinis,</span> 
     </span>
    </p>

    <p class='ocr_par' dir='ltr' id='par_1_14' title="bbox 463 2820 1185 2967">
     <span class='ocr_line' id='line_1_30' title="bbox 463 2820 1185 2893; baseline 0.007 -20"><span class='ocrx_word' id='word_1_186' title='bbox 463 2820 487 2873; x_wconf 89' lang='lat'>0</span> <span class='ocrx_word' id='word_1_187' title='bbox 506 2838 567 2875; x_wconf 86' lang='lat' dir='ltr'>mea</span> <span class='ocrx_word' id='word_1_188' title='bbox 584 2823 734 2890; x_wconf 88' lang='lat' dir='ltr'>progenies,</span> <span class='ocrx_word' id='word_1_189' title='bbox 753 2822 879 2877; x_wconf 87' lang='lat' dir='ltr'>thalamis</span> <span class='ocrx_word' id='word_1_190' title='bbox 897 2839 951 2876; x_wconf 90' lang='lat' dir='ltr'>neu</span> <span class='ocrx_word' id='word_1_191' title='bbox 968 2823 1050 2877; x_wconf 91' lang='lat' dir='ltr'>crede</span> <span class='ocrx_word' id='word_1_192' title='bbox 1066 2824 1185 2893; x_wconf 82' lang='lat' dir='ltr'>paratis3</span> 
     </span>
     <span class='ocr_line' id='line_1_31' title="bbox 463 2897 1183 2967; baseline 0.006 -17"><span class='ocrx_word' id='word_1_193' title='bbox 463 2897 578 2951; x_wconf 85' lang='lat' dir='ltr'>Externi</span> <span class='ocrx_word' id='word_1_194' title='bbox 596 2898 708 2952; x_wconf 86' lang='lat' dir='ltr'>veniunt</span> <span class='ocrx_word' id='word_1_195' title='bbox 725 2900 827 2967; x_wconf 85' lang='lat' dir='ltr'>generi,</span> <span class='ocrx_word' id='word_1_196' title='bbox 845 2899 893 2967; x_wconf 90' lang='lat' dir='ltr'>qui</span> <span class='ocrx_word' id='word_1_197' title='bbox 912 2900 1041 2967; x_wconf 88' lang='lat' dir='ltr'>sanguine</span> <span class='ocrx_word' id='word_1_198' title='bbox 1058 2904 1183 2954; x_wconf 89' lang='lat' dir='ltr'>nostrum</span> 
     </span>
    </p>

    <p class='ocr_par' dir='ltr' id='par_1_15' title="bbox 463 2974 1313 3195">
     <span class='ocr_line' id='line_1_32' title="bbox 464 2974 1302 3046; baseline 0.006 -20"><span class='ocrx_word' id='word_1_199' title='bbox 464 2974 570 3026; x_wconf 87' lang='lat' dir='ltr'>Nomen</span> <span class='ocrx_word' id='word_1_200' title='bbox 588 2974 616 3027; x_wconf 92' lang='lat' dir='ltr'>in</span> <span class='ocrx_word' id='word_1_201' title='bbox 634 2979 708 3028; x_wconf 86' lang='lat' dir='ltr'>astra</span> <span class='ocrx_word' id='word_1_202' title='bbox 725 2974 822 3043; x_wconf 86' lang='lat' dir='ltr'>ierant,</span> <span class='ocrx_word' id='word_1_203' title='bbox 841 2991 1012 3044; x_wconf 88' lang='lat' dir='ltr'>quorumque</span> <span class='ocrx_word' id='word_1_204' title='bbox 1030 2975 1065 3029; x_wconf 89' lang='lat' dir='ltr'>ab</span> <span class='ocrx_word' id='word_1_205' title='bbox 1083 2976 1170 3045; x_wconf 89' lang='lat' dir='ltr'>stirpe</span> <span class='ocrx_word' id='word_1_206' title='bbox 1187 2980 1302 3046; x_wconf 84' lang='lat' dir='ltr'>nepotes</span> 
     </span>
     <span class='ocr_line' id='line_1_33' title="bbox 463 3046 1313 3120; baseline 0.006 -19"><span class='ocrx_word' id='word_1_207' title='bbox 463 3046 562 3102; x_wconf 89' lang='lat' dir='ltr'>Omnia</span> <span class='ocrx_word' id='word_1_208' title='bbox 580 3050 631 3103; x_wconf 92' lang='lat' dir='ltr'>sub</span> <span class='ocrx_word' id='word_1_209' title='bbox 649 3049 773 3118; x_wconf 88' lang='lat' dir='ltr'>pedibus,</span> <span class='ocrx_word' id='word_1_210' title='bbox 792 3067 846 3118; x_wconf 85' lang='lat' dir='ltr'>qua</span> <span class='ocrx_word' id='word_1_211' title='bbox 863 3051 909 3105; x_wconf 80' lang='lat' dir='ltr'>Sol</span> <span class='ocrx_word' id='word_1_212' title='bbox 926 3054 1074 3120; x_wconf 89' lang='lat' dir='ltr'>utrumque</span> <span class='ocrx_word' id='word_1_213' title='bbox 1092 3068 1236 3106; x_wconf 89' lang='lat' dir='ltr'>recurrens</span> <span class='ocrx_word' id='word_1_214' title='bbox 1277 3066 1313 3106; x_wconf 81' lang='lat' dir='ltr'>loo</span> 
     </span>
     <span class='ocr_line' id='line_1_34' title="bbox 464 3125 1165 3195; baseline 0.004 -18"><span class='ocrx_word' id='word_1_215' title='bbox 464 3125 572 3193; x_wconf 87' lang='lat' dir='ltr'>Aspicit</span> <span class='ocrx_word' id='word_1_216' title='bbox 590 3125 735 3194; x_wconf 89' lang='lat' dir='ltr'>Oceanum,</span> <span class='ocrx_word' id='word_1_217' title='bbox 754 3127 879 3195; x_wconf 88' lang='lat' dir='ltr'>vertique</span> <span class='ocrx_word' id='word_1_218' title='bbox 896 3128 1009 3195; x_wconf 92' lang='lat' dir='ltr'>regique</span> <span class='ocrx_word' id='word_1_219' title='bbox 1027 3127 1165 3181; x_wconf 90' lang='lat' dir='ltr'>videbunt.</span> 
     </span>
    </p>

    <p class='ocr_par' dir='ltr' id='par_1_16' title="bbox 463 3200 1198 3272">
     <span class='ocr_line' id='line_1_35' title="bbox 463 3200 1198 3272; baseline 0.004 -18"><span class='ocrx_word' id='word_1_220' title='bbox 463 3200 542 3255; x_wconf 87' lang='lat' dir='ltr'>Haec</span> <span class='ocrx_word' id='word_1_221' title='bbox 560 3218 689 3269; x_wconf 87' lang='lat' dir='ltr'>responsa</span> <span class='ocrx_word' id='word_1_222' title='bbox 706 3203 793 3271; x_wconf 89' lang='lat' dir='ltr'>patris</span> <span class='ocrx_word' id='word_1_223' title='bbox 811 3203 898 3256; x_wconf 88' lang='lat' dir='ltr'>Fauni</span> <span class='ocrx_word' id='word_1_224' title='bbox 915 3204 1092 3272; x_wconf 31' lang='lat' dir='ltr'>monitusque,</span> <span class='ocrx_word' id='word_1_225' title='bbox 1107 3203 1198 3257; x_wconf 85' lang='lat' dir='ltr'>silenti</span> 
     </span>
    </p>

    <p class='ocr_par' dir='ltr' id='par_1_17' title="bbox 448 3276 1314 3579">
     <span class='ocr_line' id='line_1_36' title="bbox 463 3276 1288 3347; baseline 0.004 -18"><span class='ocrx_word' id='word_1_226' title='bbox 463 3276 552 3330; x_wconf 87' lang='lat' dir='ltr'>Nocte</span> <span class='ocrx_word' id='word_1_227' title='bbox 569 3277 649 3330; x_wconf 87' lang='lat' dir='ltr'>datos</span> <span class='ocrx_word' id='word_1_228' title='bbox 666 3294 719 3330; x_wconf 93' lang='lat' dir='ltr'>non</span> <span class='ocrx_word' id='word_1_229' title='bbox 737 3278 796 3346; x_wconf 91' lang='lat' dir='ltr'>ipse</span> <span class='ocrx_word' id='word_1_230' title='bbox 814 3295 863 3331; x_wconf 92' lang='lat' dir='ltr'>suo</span> <span class='ocrx_word' id='word_1_231' title='bbox 880 3280 981 3346; x_wconf 85' lang='lat' dir='ltr'>premit</span> <span class='ocrx_word' id='word_1_232' title='bbox 998 3296 1045 3333; x_wconf 91' lang='lat' dir='ltr'>ore</span> <span class='ocrx_word' id='word_1_233' title='bbox 1063 3279 1185 3347; x_wconf 84' lang='lat' dir='ltr'>Latinus,</span> <span class='ocrx_word' id='word_1_234' title='bbox 1280 3291 1288 3306; x_wconf 83' lang='lat'><strong>·</strong></span> 
     </span>
     <span class='ocr_line' id='line_1_37' title="bbox 464 3353 1187 3423; baseline 0.003 -16"><span class='ocrx_word' id='word_1_235' title='bbox 464 3353 519 3407; x_wconf 82' lang='lat' dir='ltr'>Sed</span> <span class='ocrx_word' id='word_1_236' title='bbox 537 3354 638 3406; x_wconf 88' lang='lat' dir='ltr'>circum</span> <span class='ocrx_word' id='word_1_237' title='bbox 655 3353 711 3407; x_wconf 89' lang='lat' dir='ltr'>late</span> <span class='ocrx_word' id='word_1_238' title='bbox 727 3354 844 3408; x_wconf 85' lang='lat' dir='ltr'>volitans</span> <span class='ocrx_word' id='word_1_239' title='bbox 860 3355 914 3407; x_wconf 86' lang='lat' dir='ltr'>iam</span> <span class='ocrx_word' id='word_1_240' title='bbox 933 3355 1019 3409; x_wconf 83' lang='lat' dir='ltr'>Fama</span> <span class='ocrx_word' id='word_1_241' title='bbox 1035 3372 1085 3423; x_wconf 91' lang='lat' dir='ltr'>per</span> <span class='ocrx_word' id='word_1_242' title='bbox 1101 3354 1187 3409; x_wconf 87' lang='lat' dir='ltr'>urbes</span> 
     </span>
     <span class='ocr_line' id='line_1_38' title="bbox 459 3428 1314 3499; baseline 0.006 -19"><span class='ocrx_word' id='word_1_243' title='bbox 459 3429 600 3483; x_wconf 84' lang='lat' dir='ltr'>Ausonias</span> <span class='ocrx_word' id='word_1_244' title='bbox 618 3428 726 3499; x_wconf 82' lang='lat' dir='ltr'>tulerat,</span> <span class='ocrx_word' id='word_1_245' title='bbox 744 3447 805 3484; x_wconf 92' lang='lat' dir='ltr'>eum</span> <span class='ocrx_word' id='word_1_246' title='bbox 824 3431 1021 3485; x_wconf 85' lang='lat' dir='ltr'>Laomedontia</span> <span class='ocrx_word' id='word_1_247' title='bbox 1038 3430 1124 3499; x_wconf 90' lang='lat' dir='ltr'>pubes</span> <span class='ocrx_word' id='word_1_248' title='bbox 1278 3444 1314 3485; x_wconf 78' lang='lat' dir='ltr'>ret</span> 
     </span>
     <span class='ocr_line' id='line_1_39' title="bbox 448 3502 1163 3579; baseline 0.004 -24"><span class='ocrx_word' id='word_1_249' title='bbox 448 3502 602 3561; x_wconf 84' lang='lat' dir='ltr'>Gramineo</span> <span class='ocrx_word' id='word_1_250' title='bbox 620 3508 700 3579; x_wconf 86' lang='lat' dir='ltr'>ripae</span> <span class='ocrx_word' id='word_1_251' title='bbox 719 3508 849 3579; x_wconf 78' lang='lat' dir='ltr'>religavit</span> <span class='ocrx_word' id='word_1_252' title='bbox 867 3507 904 3564; x_wconf 90' lang='lat' dir='ltr'>ab</span> <span class='ocrx_word' id='word_1_253' title='bbox 921 3524 1023 3578; x_wconf 83' lang='lat' dir='ltr'>aggere</span> <span class='ocrx_word' id='word_1_254' title='bbox 1040 3507 1163 3560; x_wconf 76' lang='lat' dir='ltr'>classem.</span> 
     </span>
    </p>

    <p class='ocr_par' dir='ltr' id='par_1_18' title="bbox 472 3580 1159 3660">
     <span class='ocr_line' id='line_1_40' title="bbox 472 3580 1159 3660; baseline 0.01 -27"><span class='ocrx_word' id='word_1_255' title='bbox 472 3580 593 3639; x_wconf 79' lang='lat' dir='ltr'>Aeneas</span> <span class='ocrx_word' id='word_1_256' title='bbox 610 3588 760 3660; x_wconf 91' lang='lat' dir='ltr'>primique</span> <span class='ocrx_word' id='word_1_257' title='bbox 781 3588 873 3646; x_wconf 89' lang='lat' dir='ltr'>duces</span> <span class='ocrx_word' id='word_1_258' title='bbox 893 3590 924 3643; x_wconf 83' lang='lat' dir='ltr'>et</span> <span class='ocrx_word' id='word_1_259' title='bbox 938 3584 1058 3657; x_wconf 84' lang='lat' dir='ltr'>pulcher</span> <span class='ocrx_word' id='word_1_260' title='bbox 1073 3581 1159 3633; x_wconf 55' lang='lat' dir='ltr'>lidus</span> 
     </span>
    </p>
   </div>
   <div class='ocr_carea' id='block_1_3' title="bbox 422 3650 1175 3742">
    <p class='ocr_par' dir='ltr' id='par_1_19' title="bbox 422 3650 1175 3742">
     <span class='ocr_line' id='line_1_41' title="bbox 422 3650 1175 3742; baseline -0.013 -16"><span class='ocrx_word' id='word_1_261' title='bbox 422 3650 561 3725; x_wconf 76' lang='lat' dir='ltr'>0⁰¹P⁰ra</span> <span class='ocrx_word' id='word_1_262' title='bbox 578 3666 641 3721; x_wconf 87' lang='lat' dir='ltr'>suh</span> <span class='ocrx_word' id='word_1_263' title='bbox 659 3670 754 3726; x_wconf 86' lang='lat' dir='ltr'>ramis</span> <span class='ocrx_word' id='word_1_264' title='bbox 774 3669 936 3742; x_wconf 84' lang='lat' dir='ltr'>deponunt</span> <span class='ocrx_word' id='word_1_265' title='bbox 953 3660 1070 3719; x_wconf 85' lang='lat' dir='ltr'>arboris</span> <span class='ocrx_word' id='word_1_266' title='bbox 1086 3656 1175 3716; x_wconf 67' lang='lat' dir='ltr'>uiae,</span> 
     </span>
    </p>
   </div>
   <div class='ocr_carea' id='block_1_4' title="bbox 0 0 1744 4367">
    <p class='ocr_par' dir='ltr' id='par_1_20' title="bbox 0 0 1744 4367">
     <span class='ocr_line' id='line_1_42' title="bbox 0 0 1744 4367; baseline 0 0"><span class='ocrx_word' id='word_1_267' title='bbox 0 0 1744 4367; x_wconf 95' lang='lat' dir='ltr'> </span> 
     </span>
    </p>
   </div>
  </div>
 </body>
</html>
