3467 4367
476 623 521 669 164
707 621 737 669 Ρ.
755 620 910 669 VERGILI
927 620 1091 670 MARONIS

473 702 611 758 (lonsonat
626 717 706 756 omno
723 718 826 768 nemus,
843 717 993 769 vocemque
1010 701 1115 756 inclusa
1131 703 1259 758 volutant
1323 755 1327 763 ,

473 779 574 847 Litora,
592 778 693 847 pulsati
710 777 793 831 colles
810 778 929 851 clamore
946 777 1087 832 resultant.
1291 796 1329 837 1so

472 854 577 924 Effugit
593 858 658 908 ante
675 852 743 907 alios
759 854 910 923 primisque
929 853 1047 909 elabitur
1063 854 1146 909 undis

472 931 592 987 Turbam
598 930 671 984 inter
679 928 874 999 fremitumque
882 930 1060 1000 Gyas3quem
1069 930 1169 985 deinde
1177 932 1328 989 Cloanthus

472 1007 662 1077 Consequitur,
679 1006 776 1060 melior
793 1007 884 1074 remis,
902 1006 952 1060 sed
969 1006 1092 1075 pondere
1109 1008 1195 1075 pinus<

471 1082 562 1137 'larda
578 1085 662 1137 tenet
698 1083 766 1137 Post
782 1083 832 1137 hos
849 1099 938 1152 aequo
957 1083 1112 1137 discrimine
1130 1082 1230 1140 Pristis

471 1159 679 1228 Centaurusque
697 1159 786 1213 locum
804 1159 924 1214 tendunt
942 1175 1071 1229 superare
1088 1159 1223 1227 priorem;
1293 1176 1328 1217 155

470 1234 508 1289 ut
525 1251 597 1290 nunc
615 1235 713 1289 Pristis
730 1235 822 1304 habet,
839 1253 911 1289 nunc
928 1234 1028 1290 rictam
1047 1235 1182 1303 praeterit
1199 1236 1296 1304 ingens

472 1312 632 1380 Centaruus,
649 1328 721 1366 nunc
738 1328 793 1366 una
810 1312 909 1366 ambae
926 1312 1081 1381 iunctisque
1098 1311 1225 1367 feruntur

471 1386 619 1442 Frontibus
636 1390 666 1442 et
682 1388 764 1458 longa
781 1389 888 1443 sulcant
904 1388 975 1442 vada
993 1388 1064 1441 salsa
1082 1387 1180 1442 carina

472 1464 586 1534 lamque
602 1464 824 1534 propinquabant
842 1464 952 1533 scopulo
970 1468 1128 1532 metamque
1146 1463 1286 1532 tenebant,

471 1541 541 1595 (lum
557 1541 685 1610 princeps
701 1541 848 1611 medioque
866 1542 940 1609 Gyas
957 1541 985 1594 in
1003 1540 1113 1609 gurgite
1132 1540 1221 1594 victor
1291 1556 1326 1596 roo

401 1678 405 1684 ,
471 1617 616 1671 Rectorem
634 1617 711 1671 navis
730 1618 877 1686 compellat
898 1634 964 1671 voce
982 1617 1144 1671 Menoeten:

471 1693 531 1759 Quo
549 1696 656 1747 tantum
673 1694 740 1746 mihi
758 1693 857 1747 dexter
875 1693 952 1748 abisi
970 1694 1024 1747 huc
1041 1693 1129 1762 dirige
1146 1709 1287 1761 gressum;

470 1769 549 1824 Litus
566 1786 634 1835 ama,
651 1773 681 1823 et
698 1769 790 1823 laevas
807 1770 926 1839 stringat
944 1770 1003 1824 sine
1020 1770 1141 1839 palmula
1158 1772 1269 1835 cautes;

470 1845 568 1899 Altum
585 1845 632 1898 alii
650 1848 770 1899 teneant
806 1846 901 1912 Dixit;
919 1846 970 1900 sed
987 1863 1070 1901 caeca
1087 1846 1237 1900 Menoetes·

469 1921 541 1975 Saxa
558 1921 659 1975 timens
675 1938 785 1989 proram
803 1922 893 1991 pelagi
911 1924 1060 1992 detorquet
1077 1922 1113 1976 ad
1130 1921 1225 1986 undas
1294 1937 1329 1977 roo

470 1997 530 2063 Quo
547 1997 672 2051 diversus
689 1995 764 2052 abisl
782 1998 892 2065 iterum,
912 1998 981 2053 Pete
998 2014 1072 2066 saxa,
1092 1996 1236 2053 Menoete!

469 2073 539 2128 Cum
556 2074 672 2128 olnmore
691 2074 764 2143 Gyas
781 2075 943 2140 revocabam
960 2078 989 2144 et
1007 2090 1071 2129 eece
1089 2074 1253 2128 Cloanthum
1360 2079 1364 2083 ’

469 2149 593 2219 Respicit
610 2151 758 2206 instantem
776 2155 863 2219 tergo,
882 2155 911 2206 et
927 2152 1056 2220 propiora
1072 2153 1221 2205 tenentem

469 2226 522 2281 1116
538 2228 612 2282 inter
628 2244 781 2297 navemque
799 2228 874 2297 Gyae
893 2227 1072 2297 scopulosque
1090 2226 1214 2282 sonantis

468 2302 555 2357 Radit
572 2303 627 2358 iter
643 2303 751 2357 laevum
768 2304 890 2372 interior,
909 2302 1055 2372 subitoque
1072 2302 1193 2371 priorem
1294 2316 1329 2356 uo

468 2378 608 2433 Praeterit
626 2383 656 2434 et
672 2380 755 2433 metis
773 2381 851 2434 tenet
869 2396 990 2449 aequora
1006 2380 1069 2434 tuta
1087 2377 1198 2432 relictis.
1228 2410 1231 2417 ·

467 2455 537 2509 Tum
555 2471 620 2509 vero
637 2455 741 2509 exarsit
756 2455 849 2509 iuveni
868 2455 947 2510 dolor
963 2454 1069 2509 ossibus
1086 2454 1190 2521 ingens,

467 2532 527 2585 Nec
544 2531 662 2585 lacrimis
675 2547 793 2591 ,caruere
810 2549 906 2601 genae,
923 2548 1089 2601 segnemque
1107 2530 1262 2597 Menoeten,

467 2607 578 2661 Oblitus
597 2606 758 2674 decorisque
777 2608 819 2661 sui
838 2609 996 2676 sociumque
1015 2607 1119 2674 salutis,

468 2682 504 2736 In
519 2699 596 2736 mare
613 2682 792 2751 praecipitem
810 2686 895 2753 puppi
913 2683 1046 2739 deturbat
1063 2682 1098 2738 ab
1116 2682 1188 2747 alta3
1292 2696 1328 2737 ua

468 2758 534 2827 Ipse
550 2758 715 2827 gubernaclo
732 2763 824 2814 rector
842 2761 924 2829 subit,
942 2761 1001 2829 ipse
1018 2760 1158 2828 magister,

468 2835 660 2903 Hortatusque
678 2835 758 2903 viros,
776 2837 937 2906 clavumque
954 2836 991 2891 ad
1008 2837 1090 2890 litora
1108 2838 1230 2904 torquet.

467 2913 509 2967 At
526 2911 625 2981 gravis,
643 2916 675 2967 ut
692 2912 778 2966 frmdo
795 2913 841 2967 vix
859 2914 972 2968 tandem
991 2913 1118 2967 redditus
1136 2911 1191 2964 imo
1210 2914 1262 2978 est,
1311 2979 1314 2986 ι

468 2988 528 3041 Iam
546 2989 636 3043 senior
653 2988 819 3057 madidaque
837 2990 925 3045 fluens
942 2991 972 3044 in
990 2992 1066 3044 veste
1085 2988 1229 3043 Menoetes

467 3064 579 3118 Summa
595 3065 668 3133 petit
686 3065 790 3134 scopuli
807 3066 934 3135 siccaque
951 3067 980 3120 in
997 3081 1066 3135 rupe
1084 3063 1195 3118 resedit.
1291 3077 1326 3116 rso

468 3139 550 3193 Illum
567 3144 597 3195 et
613 3140 753 3196 labentem
772 3141 868 3197 'l'eucri
887 3146 917 3196 et
933 3143 1018 3196 risere
1035 3143 1185 3207 natantem,

468 3214 505 3268 nt
523 3216 607 3270 salsos
624 3217 719 3272 rident
737 3222 924 3272 revomentem
942 3220 1053 3287 pectore
1071 3217 1180 3271 fluctus

467 3285 522 3345 Hic
538 3292 612 3347 laeta
630 3294 762 3348 extremis
780 3309 843 3363 spes
861 3296 905 3347 est
922 3310 1034 3347 aceensa
1052 3292 1167 3357 duobus,

467 3367 596 3436 Sergesto
613 3368 817 3438 Mnestheique,
835 3369 913 3437 Gyan
931 3386 1061 3438 superare
1078 3370 1238 3421 morantem

461 3442 611 3510 Sergestus
622 3444 698 3513 capit
709 3448 775 3499 ante
786 3444 875 3498 locum
887 3446 1050 3513 scopuloque
1063 3443 1237 3514 propinquat,
1290 3456 1328 3499 rso

445 3514 511 3568 Nec
528 3522 588 3572 tcta
609 3523 706 3577 tamon
724 3521 774 3579 illc
791 3522 871 3595 prior
888 3526 1043 3595 praeeunte
1060 3521 1171 3586 carina,

429 3580 525 3643 Pme
535 3595 638 3664 prim,-
655 3605 778 3671 partem
796 3606 895 3661 rostro
914 3600 1023 3675 premit
1041 3598 1152 3655 aemma
1164 3595 1279 3651 tristis.

416 3658 463 3711 Μ
479 3667 584 3729 madia
602 3679 702 3738 socios
719 3683 873 3744 incedens
889 3698 970 3741 naue
985 3694 1044 3753 per
1061 3678 1144 3749 ipsos
