3467 4367
692 640 874 689 AENEIDOS
892 640 960 689 LIB.
980 640 1002 689 1.

422 719 523 774 Frater
539 722 572 773 ut
591 721 701 773 Aeneas
718 720 815 788 pelago
836 724 901 775 tuus
919 720 1010 773 omnia
1025 720 1127 775 circum

420 793 517 848 Litora
533 794 653 849 iactetur
671 795 741 848 odiis
761 796 872 848 Iunonis
890 794 1006 864 iniquae,
1083 800 1093 874 i
1111 764 1207 846 acar}
1218 776 1265 824 ²¹⁸·

419 869 495 924 Nota
513 871 572 938 tibi,
592 873 621 924 et
639 874 733 925 nostro
751 871 864 925 doluisti
882 888 964 940 saepe
982 871 1083 927 dolore.

419 946 504 999 Hunc
522 947 672 1001 Phoenissa
689 950 767 1001 tenet
785 947 858 1001 Dido
875 947 1037 1015 blandisque
1055 951 1178 1002 moratur
1240 961 1279 1005 mo

419 1022 556 1089 Vocibus;
576 1027 606 1077 et
623 1039 728 1090 vereor,
746 1039 801 1092 quo
819 1040 849 1076 se
868 1023 984 1076 Iunonia
1001 1026 1111 1077 vertant

420 1079 564 1167 Hospitia3
584 1099 658 1153 haud
676 1103 754 1153 tauto
772 1099 891 1153 cessabit
909 1098 1019 1153 cardine
1038 1115 1136 1153 rerum.

419 1176 552 1240 Quocirca
569 1192 667 1245 capere
685 1177 750 1228 ante
768 1175 838 1229 dolis
855 1178 885 1229 et
903 1175 1012 1242 cingere
1029 1175 1139 1229 flamma

419 1252 555 1318 Reginam
572 1252 698 1317 meditor,
716 1268 751 1305 ne
769 1267 824 1320 quo
841 1252 999 1306 se-numine
1017 1256 1113 1319 mutet,

418 1326 476 1382 Sed
493 1345 593 1396 magno
611 1330 723 1382 Aeneae
742 1344 850 1381 mecum
867 1329 996 1381 tencatur
1014 1344 1113 1383 amore.
1239 1342 1276 1383 oro

418 1404 480 1468 Qua
497 1406 587 1459 facere
605 1404 635 1458 id
650 1404 746 1473 possis,
763 1407 887 1458 nostram
904 1420 976 1457 nunc
993 1405 1085 1472 accipe
1103 1407 1235 1458 mentem:

418 1480 522 1549 Regius
539 1481 628 1535 accitu
645 1479 702 1533 cari
718 1480 851 1548 genitoris
868 1481 905 1533 ad
922 1480 1018 1533 urbem

417 1556 557 1610 Sidoniam
575 1573 643 1625 puer
660 1556 700 1610 ire
717 1560 805 1624 parat,
824 1573 886 1610 mea
903 1573 1030 1613 maxuma
1047 1573 1119 1625 cura,

418 1633 498 1686 Dona
514 1633 614 1701 ferens,
631 1633 729 1701 pelago
748 1636 777 1686 et
795 1632 912 1685 flammis
930 1633 1064 1686 restantia
1082 1633 1193 1700 Troiae3

418 1709 501 1763 Hunc
518 1726 569 1778 ego
587 1710 706 1778 sopitum
724 1726 818 1762 somno
837 1726 920 1777 super
937 1709 993 1763 alta
1012 1709 1131 1778 Cythera
1236 1724 1276 1764 eso

417 1786 478 1839 Aut
497 1802 579 1855 super
598 1785 717 1838 Idalium
735 1787 843 1839 sacrata
860 1785 927 1838 sede
945 1784 1097 1866 recondam,

415 1861 443 1913 N
445 1878 461 1914 e
479 1879 533 1931 qua
551 1862 620 1916 scire
637 1861 715 1915 dolos
732 1862 873 1916 mediusve
892 1878 1032 1916 occurrere
1049 1862 1144 1930 possit.

416 1937 458 1990 Tu
474 1938 571 1992 faciem
588 1939 660 1992 illius
677 1941 786 1992 noctem
804 1955 858 1992 non
876 1938 991 2007 amplius
1008 1954 1090 1991 unam

415 2013 494 2067 Falla
512 2014 582 2083 dolo,
601 2018 630 2069 et
648 2019 727 2069 notos
746 2016 823 2083 pueri
842 2032 911 2084 puer
929 2014 1012 2079 indue
1030 2014 1128 2082 voltus,

414 2090 464 2157 Ut,
483 2107 546 2145 cum
562 2095 591 2145 te
608 2091 714 2159 gremio
734 2091 849 2160 accipiet
867 2092 1017 2145 laetissima
1035 2090 1107 2143 Dido
1237 2104 1274 2143 oso

416 2166 527 2235 Regalis
545 2168 618 2221 inter
635 2185 742 2222 mensas
760 2168 925 2236 laticemque
944 2168 1071 2235 Lyaeum,

415 2242 487 2297 Cum
505 2243 583 2298 dabit
601 2245 741 2313 amplexus
759 2248 843 2312 atque
861 2244 954 2297 oscula
972 2242 1062 2294 dulcia
1079 2242 1154 2309 figet,

415 2318 561 2374 Occultum
578 2320 694 2389 inspires
712 2321 803 2386 ignem
820 2319 954 2388 fallasque
971 2334 1109 2385 veneno?

415 2395 502 2449 Paret
521 2398 607 2450 Amor
625 2394 705 2449 dictis
724 2411 803 2449 carae
820 2395 975 2463 genetricis,
993 2397 1022 2447 et
1039 2393 1096 2447 alas

415 2472 509 2540 Exuit,
527 2478 556 2526 et
573 2488 671 2540 gressu
687 2472 810 2539 gaudens
827 2471 933 2525 incedit
951 2471 1011 2525 Iuli.
1236 2483 1273 2522 mo

416 2549 458 2602 At
476 2547 572 2602 Venus
590 2548 708 2602 Ascanio
726 2547 861 2616 placidam
880 2565 930 2622 per
946 2546 1069 2600 membra
1086 2545 1209 2616 quietem

416 2623 531 2691 Inrigat,
549 2627 578 2678 et
595 2625 682 2678 fotum
700 2624 805 2692 gremio
823 2624 877 2677 dea
894 2624 967 2678 tollit
984 2623 1011 2675 in
1029 2623 1099 2675 altos
1236 2618 1238 2622 ’

416 2698 523 2753 Idaliae
539 2700 622 2767 lucos,
640 2699 687 2752 ubi
704 2699 793 2752 mollis
811 2716 952 2753 amaracus
969 2699 1046 2752 illurn

415 2775 543 2829 Floribus
561 2780 589 2830 ct
607 2776 679 2829 dulci
697 2776 840 2844 adspirans
859 2776 1039 2843 conplectitur
1056 2774 1159 2828 umbra
1165 2800 1197 2855 ys·

452 2851 568 2920 Iamque
584 2852 643 2905 ibat
663 2852 738 2905 dicto
755 2868 856 2920 parens
875 2855 904 2905 et
923 2851 995 2904 dona
1013 2850 1120 2918 Cupido
1179 2855 1188 2890 l
1236 2865 1272 2906 ooo

416 2927 506 2995 Regia
523 2927 651 2996 portabat
669 2927 763 2995 Tyriis,
781 2926 851 2981 duce
869 2928 958 2981 laetus
977 2927 1091 2980 Achate.
1212 2922 1217 2930 ’

415 3004 487 3058 Cum
504 3004 586 3071 venit,
605 3004 708 3057 aulaeis
724 3003 779 3057 iam
799 3020 829 3057 se
846 3004 942 3071 regina
959 3002 1084 3071 superbis

415 3080 512 3133 Aurea
529 3080 671 3150 conposuit
689 3078 794 3148 sponda
811 3080 986 3149 mediamque
1003 3078 1108 3132 locavit.

415 3156 479 3208 lam
495 3160 579 3224 pater
594 3158 702 3210 Aeneas
720 3159 750 3210 et
767 3157 821 3210 iarn
840 3156 954 3210 Troiana
971 3155 1099 3209 iuventus

415 3231 597 3301 Conveniunt,
615 3235 757 3302 stratoque
775 3250 859 3302 super
877 3232 1057 3286 discumbitur
1074 3235 1154 3286 ostro.
1235 3244 1272 3287 roo

414 3308 493 3362 Dant
510 3308 603 3361 famuli
620 3309 745 3362 manibus
762 3310 892 3378 lymphas,
912 3310 1095 3375 Cereremque
1112 3308 1236 3362 canistris

415 3383 585 3452 Expediunt,
602 3386 744 3452 tonsisque
762 3387 853 3439 ferunt
871 3385 1094 3440 manteliavillis.

387 1149 407 1193 Β

416 3459 622 3528 Quinquaginta
639 3461 713 3514 intus
730 3462 858 3533 famulae,
876 3463 980 3535 quibus
997 3462 1098 3517 ordine
1109 3460 1235 3525 longam

412 3536 485 3587 Oura
496 3551 602 3601 penum
620 3540 737 3599 struere.
757 3542 787 3594 et
805 3540 933 3599 flammis
949 3541 1072 3597 adolere
1085 3534 1236 3590 Venatus

400 3607 520 3660 Centum
538 3610 613 3665 aliae
630 3613 818 3689 totidemque
837 3638 932 3694 pares
948 3622 1054 3677 ostam
1071 3607 1222 3669 misenus

387 3678 445 3740 0111'
454 3680 584 3793 gepidos
603 3706 720 3749 mensas
741 3705 875 3759 onerent
896 3704 935 3759 et
950 3697 1069 3774 poeula
1085 3684 1221 3761 ponam.

1294 3600 1369 3647 Ἶῦὶ.
