3467 4367
475 631 525 684 asl
701 629 734 681 P.
745 628 898 678 VERGILI
914 625 1081 679 MARONIS

477 709 608 765 Protinus
625 710 725 765 armati
741 710 888 777 incedunt3
910 726 980 781 quos
997 710 1085 765 omnis
1101 711 1193 765 euntis

478 788 632 841 Primorum
649 803 747 840 manus
763 788 800 840 ad
817 790 920 856 portas,
937 786 1122 855 iuvenumque
1141 800 1303 855 sonumque,

477 864 657 932 Prosequitur
673 863 752 917 votis
786 863 845 917 Neo
861 880 916 917 non
934 867 963 918 et
980 863 1093 933 pulcher
1110 862 1196 929 Iulus,
1290 876 1330 916 aro

477 943 553 994 Ante
570 956 656 993 annos
673 940 847 1010 animumque
864 956 965 1008 gerens
981 955 1131 1007 curamque
1147 938 1261 1007 virilem,

476 1016 566 1070 Multa
583 1016 655 1085 patri
672 1015 803 1070 mandata
819 1016 906 1070 dabat
922 1016 1065 1086 portanda
1100 1014 1156 1070 Sed
1174 1031 1257 1069 aurae

476 1092 575 1146 Omnia
592 1092 759 1161 discerpunt,
776 1096 806 1146 et
823 1091 941 1146 nubibus
958 1091 1042 1146 inrita
1058 1091 1170 1145 donant.

510 1168 621 1237 Egressi
639 1172 771 1237 superant
787 1168 882 1237 fossas,
898 1168 1040 1237 noctisque
1057 1183 1109 1236 por
1124 1166 1251 1221 umbram

474 1244 573 1298 (lastra
589 1244 699 1299 inimira
715 1247 823 1314 petunt,
841 1244 936 1298 multis
952 1248 1045 1298 tamen
1063 1246 1128 1297 ante
1144 1243 1231 1297 futuri
1290 1257 1330 1297 urs

473 1319 574 1373 Exitio.
608 1321 714 1374 Passim
732 1337 826 1374 somno
843 1320 962 1389 vinoque
978 1335 1029 1388 per
1045 1318 1159 1373 herbam

474 1394 596 1465 Corpora
611 1397 673 1450 fusa
690 1396 792 1464 vident,
811 1398 932 1450 arrectos
949 1395 1031 1449 litore
1047 1410 1150 1462 currus,

474 1470 628 1527 Interiora
645 1476 776 1542 rotasque
793 1471 873 1538 viros,
892 1471 972 1524 simul
990 1487 1067 1525 arma
1082 1471 1180 1535 iaeere,

473 1546 547 1601 Vina
564 1548 653 1602 simul.
690 1548 771 1601 Prior
788 1546 954 1616 Hyrtacides
971 1546 1010 1601 sio
1027 1564 1075 1601 ore
1092 1547 1213 1601 locutus:

473 1623 598 1692 Euryale,
617 1623 774 1679 audendum
793 1623 907 1688 dextra3
929 1640 1002 1677 nuno
1019 1622 1080 1692 ipsa
1096 1627 1176 1677 voeat
1192 1639 1246 1677 res.
1287 1639 1327 1679 sao

474 1698 536 1753 Hac
554 1699 609 1754 iter
627 1702 678 1753 est.
719 1699 768 1767 lu,
785 1716 821 1753 ne
838 1716 894 1767 qua
910 1716 1008 1754 manus
1025 1716 1055 1754 se
1072 1700 1199 1754 attollere
1216 1699 1298 1756 nobis

474 1776 501 1829 A
519 1778 597 1843 tergo
614 1775 710 1845 possit,
728 1774 836 1829 custodi
850 1779 881 1829 et
898 1776 1008 1831 oonsule
1024 1775 1120 1844 louge;

473 1850 552 1905 Haeo
569 1867 621 1919 ego
638 1855 717 1905 rasta
734 1850 813 1915 dabo,
830 1854 860 1905 et
878 1850 934 1905 lato
951 1854 981 1906 te
998 1852 1086 1906 limite
1103 1852 1208 1907 dueam.

473 1926 518 1981 Sic
535 1929 677 1995 memorat,
689 1942 838 1995 vocemque
854 1927 971 1996 premit3
991 1928 1072 1982 simul
1089 1944 1155 1983 ense
1172 1928 1324 1997 superbum

390 2019 403 2032 -·
473 2002 655 2058 Rhamnetem
673 2002 842 2072 adgreditur,
860 2002 908 2072 qui
925 2004 998 2057 forte
1016 2004 1155 2073 tapetibus
1172 2004 1236 2059 eltis
1285 2020 1324 2061 aas

472 2078 636 2134 llxstruotus
653 2082 713 2133 toto
731 2078 866 2148 proflabat
883 2082 995 2149 pectore
1013 2096 1143 2148 somnum,

473 2153 535 2209 Rex
552 2155 634 2223 idem,
652 2159 682 2211 et
698 2154 757 2224 regi
775 2155 866 2209 Turno
884 2156 1056 2224 gratissimus
1073 2173 1175 2225 augum

472 2230 528 2285 Sed
545 2248 600 2286 non
617 2233 730 2301 augurio
746 2231 837 2301 potuit
854 2232 993 2301 depellere
1009 2236 1127 2302 pestem.

472 2307 533 2362 'l'ris
550 2308 628 2363 iuxta
645 2308 760 2363 famulos
777 2312 883 2364 temere
900 2308 973 2363 inter
990 2309 1047 2363 tela
1063 2309 1178 2364 iaoentis

472 2384 705 2454 Armigerumque
714 2384 794 2438 Remi
806 2385 909 2453 premit
919 2385 1095 2455 aurigamque
1107 2385 1159 2440 sub
1171 2386 1238 2456 ipsis
1284 2403 1323 2443 auo

472 2460 577 2513 Nactus
595 2461 679 2529 equis,
697 2460 825 2528 ferroque
843 2464 918 2514 secat
934 2461 1084 2530 pendentia
1100 2462 1184 2528 oolla;

471 2534 541 2589 'lum
558 2538 641 2603 eaput
659 2536 711 2604 ipsi
729 2537 819 2590 aufert
837 2536 955 2605 domino,
969 2540 1154 2607 ‚truncumque
1170 2538 1307 2608 relinquit·

472 2610 609 2679 Sanguine
627 2611 838 2680 singultantem
861 2615 923 2666 atro
940 2613 1078 2682 tepefacta
1095 2629 1192 2667 eruore

471 2686 556 2741 l'ena
578 2686 688 2755 torique
710 2687 830 2742 madent.
865 2688 924 2743 Nee
946 2705 1001 2741 non
1024 2689 1226 2760 Lamyrumque
1248 2692 1303 2747 Ia·

540 2779 670 2832 mumque
1216 2770 1222 2783 ’

471 2839 509 2893 Et
525 2839 650 2894 iuvenem
668 2838 823 2909 Serranum,
840 2838 888 2893 illa
905 2838 953 2909 qui
970 2839 1088 2909 plurima
1104 2844 1185 2895 noete
1283 2858 1322 2899 aas

470 2915 595 2984 Luserat,
612 2915 726 2984 insignis
743 2916 819 2984 faeie,
836 2915 979 2984 multoque
995 2915 1104 2970 iaeebat

470 2991 596 3045 Membra
613 2991 666 3045 deo
683 2992 786 3057 vietus;
808 2991 883 3059 felix,
902 2991 925 3044 si
942 2991 1067 3060 protinus
1084 2991 1161 3046 illum

471 3069 628 3136 Aequasset
645 3069 719 3122 noeti
736 3067 831 3122 ludum
849 3067 879 3121 in
896 3068 1039 3135 lucemque
1056 3068 1174 3124 tulisset.
1197 3111 1200 3116 .

471 3143 602 3212 Inpastus
620 3161 670 3199 eeu
687 3144 769 3213 plena
785 3144 829 3198 leo
845 3160 897 3213 per
913 3144 995 3198 ovilia
1012 3144 1163 3199 turbans-

470 3219 574 3274 Suadet
591 3220 664 3274 enim
680 3237 781 3275 resana
795 3220 1079 3290 fames-manditque
1095 3222 1237 3292 trahitque
1283 3241 1322 3281 aso

432 3353 436 3362 .
470 3295 555 3349 Molle
571 3310 655 3363 pecus
672 3287 834 3367 mutumque
850 3299 943 3361 metu;
965 3296 1060 3351 fremit
1078 3313 1126 3351 ore
1142 3303 1263 3356 omento.

470 3371 495 3424 N
498 3388 529 3425 oo
547 3370 635 3424 minor
653 3372 764 3441 lluryali
782 3372 896 3437 caedes3
919 3373 1045 3427 incensus
1062 3376 1092 3427 et
1109 3374 1168 3441 ipse

462 3447 596 3515 perfurit,
613 3464 647 3504 ao
664 3449 780 3504 multam
796 3449 826 3503 in
841 3449 933 3503 medio
951 3450 1008 3503 sine
1025 3451 1135 3504 nomino
1151 3450 1269 3521 plebem,

449 3525 626 3599 Fadumque
658 3529 882 3601 Herbesumque
911 3526 988 3581 suliit
1011 3525 1208 3592 Rhoetumque
1233 3528 1303 3581 lalia-

421 3622 771 3766 Jsmrlgssqussel'noetum,
789 3686 970 3762 argaman
987 3680 1022 3734 a
1037 3673 1140 3730 anua
1151 3668 1307 3730 asenam,
1318 3680 1362 3719 sn
