3467 4367
655 613 885 669 «Annumos
908 620 977 670 ms.
1003 618 1053 670 vr.
1099 616 1111 640 ⁸
1155 593 1158 599 ’
1251 625 1297 674 185

444 702 514 756 'lum
533 700 643 755 Phoebo
661 703 690 755 et
708 700 815 754 Triviae
834 699 921 753 solido
939 700 975 754 de
993 716 1134 755 marmore
1151 703 1288 772 templum

444 778 600 841 Instituam,
619 777 759 845 festosque
778 777 836 829 dies
851 777 887 829 de
906 778 1015 830 nomine
1035 777 1147 832 Phoebi.
1274 793 1299 834 ro

443 854 481 907 'Pe
501 868 609 921 quoque
628 869 728 920 magna
745 856 857 905 manent
875 854 967 921 regnis
986 855 1138 922 penetralia
1154 855 1261 911 nostris

443 929 498 983 Hic
515 944 565 997 ego
583 945 700 997 namque
718 932 780 981 tuas
798 932 886 982 sortes
904 946 1056 999 arcanaque
1074 932 1138 995 fata,

442 1005 525 1059 Dicta
543 1022 620 1058 meae
638 1004 722 1071 genti,
741 1021 847 1073 ponam,
867 1005 1007 1073 lectosque
1026 1007 1145 1075 sacrabo,

443 1082 533 1149 Alma,
551 1082 631 1135 viros.
668 1080 752 1133 Foliis
769 1085 878 1134 tantum
896 1099 931 1135 ne
949 1084 1069 1136 carmina
1086 1083 1193 1152 menda,

442 1158 486 1212 Ne
503 1158 616 1211 turbata
633 1156 725 1211 volent
743 1157 847 1225 rapidis
865 1158 984 1211 ludibria
1002 1160 1106 1224 ventis3
1274 1174 1298 1217 75

443 1235 509 1302 Ipsa
526 1251 606 1287 canas
625 1250 680 1288 oro.
719 1234 813 1288 Finem
834 1233 913 1287 dedit
932 1251 979 1288 ore
997 1236 1134 1304 loquendi.

477 1311 525 1377 At,
545 1310 648 1364 Phoebi
667 1311 786 1364 nondum
804 1310 920 1379 patiens,
939 1311 1054 1365 inmanis
1072 1313 1100 1365 in
1118 1316 1198 1367 antro

442 1386 597 1440 Bacchatur
614 1390 699 1454 vates,
718 1404 847 1454 magnum
866 1388 890 1439 si
908 1390 1020 1455 pectore
1037 1389 1124 1457 possit

442 1462 600 1517 Excussisse
619 1463 700 1516 deum
709 1486 716 1528 ;
737 1467 819 1516 tanto.
832 1464 920 1531 magis
937 1463 984 1517 ille
1001 1465 1099 1533 fatigat

442 1538 480 1593 Os
492 1539 627 1607 rabidum,
639 1540 697 1592 fera
709 1539 794 1592 corda
807 1540 928 1606 domans,
942 1541 1076 1609 fingitque
1087 1545 1246 1611 premendo.
1270 1557 1296 1596 so

442 1616 520 1670 Ostia
537 1616 647 1684 iamque
666 1616 762 1669 domus
780 1621 897 1685 patuere
915 1616 1037 1684 ingentia
1054 1622 1164 1673 eentum

441 1692 544 1762 Sponte
562 1692 761 1761 sumetisque
779 1693 872 1746 ferimt
890 1709 1019 1760 responsa
1037 1712 1087 1764 per
1105 1710 1197 1749 auras:

441 1768 465 1823 Ο
483 1768 596 1824 tandem
613 1770 720 1836 magnis
738 1769 828 1838 pelagi
847 1768 977 1823 defuncte
994 1771 1116 1839 perichs!

441 1845 497 1900 Sed
514 1850 606 1899 terrae
623 1846 749 1913 graviora
767 1850 886 1902 manent.
924 1847 959 1900 In
977 1864 1062 1916 regna
1080 1846 1175 1900 Lavini

441 1922 616 1977 Dardanidae
629 1923 753 1989 venient3
772 1923 854 1978 mitte
865 1923 936 1977 hanc
949 1923 984 1977 de
997 1927 1108 1992 pectore
1121 1939 1229 1987 curam3
1270 1935 1295 1975 as
1369 1923 1373 1929 '

391 2003 415 2024 ·“
440 1998 496 2053 Sed
514 2016 567 2053 non
586 2002 616 2052 et
634 1999 740 2053 venisse
758 2002 856 2055 volent.
895 1999 980 2068 Bella,
998 1998 1110 2052 horrida
1127 1998 1205 2064 bella,
1329 2016 1332 2023 ·

389 2063 478 2172 >Et
496 2074 626 2143 Thybrim
646 2075 732 2129 multo
751 2079 924 2144 spumantem
943 2076 1074 2144 sanguine
1092 2091 1179 2128 cerno.
1252 2123 1255 2127 „

440 2151 502 2204 Non
520 2151 620 2205 Simois
637 2151 697 2220 tibi,
716 2169 767 2206 nee
786 2152 920 2218 Xanthus,
940 2168 991 2205 nee
1010 2151 1110 2204 Dorica
1127 2153 1217 2204 castra
1321 2216 1326 2225 Ι

440 2226 600 2293 Defuerint;
619 2228 689 2281 alins
707 2228 788 2282 Latio
805 2229 859 2281 iam
878 2231 973 2296 partus
993 2227 1123 2295 Achilles

440 2302 529 2357 Natus
547 2306 576 2358 et
594 2304 653 2373 ipse
672 2304 739 2369 doa3
757 2320 807 2357 neo
826 2304 936 2357 Teucris
955 2304 1050 2357 addita
1069 2304 1138 2356 luno
1270 2319 1294 2360 ao

439 2378 564 2448 Usquam
582 2380 686 2445 aberit;
707 2397 769 2433 cum
787 2384 820 2434 tu
837 2380 953 2448 supplex
971 2379 999 2432 in
1017 2378 1100 2433 rebus
1119 2380 1212 2448 egenis

440 2456 514 2521 Quas
530 2457 621 2525 gentis
641 2457 742 2510 Italum
761 2460 809 2510 aut
828 2473 896 2524 quas
914 2474 968 2510 non
985 2458 1105 2510 oraveris
1122 2456 1218 2511 urbes!
1276 2521 1278 2525 A

439 2530 543 2588 Caussa
560 2532 623 2585 mali
642 2533 713 2586 tanti
732 2532 848 2586 coniunx
867 2532 967 2586 iterum
986 2532 1094 2601 hospita
1112 2532 1223 2587 Teucris

439 2607 610 2678 Externique
628 2609 729 2663 iterum
748 2608 871 2663 thalami.

438 2683 480 2737 Tu
497 2679 532 2737 rio
551 2684 618 2739 cede
636 2686 721 2753 malis,
742 2686 791 2740 sed
810 2689 907 2740 contra
924 2686 1071 2740 audentior
1088 2687 1136 2754 ito,
1242 2715 1248 2724 ,
1269 2701 1294 2741 ao

439 2759 527 2823 Quam
545 2763 640 2814 tuate
659 2762 783 2816 Fortuna
801 2764 879 2816 sinet.
917 2761 971 2815 Via
988 2763 1076 2830 prima
1094 2761 1197 2829 salutis,

390 2877 393 2882 .
439 2835 520 2900 Quod
537 2836 648 2889 minimo
666 2839 742 2905 reris,
762 2840 846 2893 Graia
864 2837 1003 2907 pandetur
1021 2837 1056 2891 ab
1074 2837 1148 2891 urbe.

474 2911 585 2965 Talibus
604 2929 637 2965 ex
656 2914 739 2983 adyto
758 2916 838 2969 dictis
858 2915 976 2982 Cynraea
995 2912 1096 2981 Sibylla

440 2987 601 3042 Horrendas
620 2990 693 3045 canit
711 2991 840 3060 ambages
860 2994 995 3059 antroque
1014 2990 1141 3059 remugit,

439 3063 570 3119 Obscuris
588 3083 653 3120 vera
669 3067 823 3122 involvens:
845 3085 879 3121 ea
896 3068 974 3121 frena
991 3066 1093 3120 furenti
1206 3101 1209 3107 n
1257 3080 1294 3121 100

439 3140 574 3209 Concutit,
592 3146 621 3196 et
639 3144 763 3198 stimulos
782 3144 833 3198 sub
850 3147 962 3213 pectore
981 3143 1066 3197 vertit
1085 3143 1192 3213 Apollo.

439 3216 479 3271 Ut
495 3217 614 3285 primum
632 3221 714 3274 cessit
732 3220 854 3275 inroret
873 3220 968 3273 rabida
986 3236 1035 3273 ora
1052 3220 1188 3289 quienmt,

439 3293 542 3362 Incipit
561 3294 670 3348 Aeneas
687 3296 782 3351 horos:
803 3297 864 3350 Non
884 3297 940 3350 ulla
958 3296 1090 3364 laborum,

438 3367 463 3421 0
480 3369 565 3437 virge,
583 3387 652 3424 nova
669 3372 707 3424 mi
725 3373 809 3427 facies
826 3374 971 3442 inopinave
990 3373 1091 3441 surgit;

438 3443 537 3497 Omnia
554 3447 681 3514 praecepi
700 3451 784 3517 atque
802 3449 892 3503 animo
910 3466 1020 3503 mecum
1037 3453 1104 3503 ante
1118 3448 1230 3517 peregi.
1259 3462 1306 3498 ers

438 3520 529 3574 Unum
547 3537 609 3576 oro:
628 3523 741 3592 quando
758 3524 805 3584 hio
821 3526 928 3584 inierni
941 3525 1034 3583 ianua
1047 3524 1131 3594 regis
1210 3590 1214 3597 Ι

425 3594 539 3649 Dicitur
555 3602 587 3653 ct
605 3600 761 3660 tenebrosa
777 3606 866 3678 palus
889 3607 1064 3664 Acheronte
1077 3600 1199 3659 reiuse,

418 3666 466 3720 ¹¹⁰
482 3671 522 3724 Μ
539 3683 734 3747 mimum
753 3685 819 3742 cari
837 3685 994 3759 genitoris
1010 3686 1048 3739 et
1067 3694 1125 3733 om
