3467 4367
482 606 513 656 72
709 604 739 652 P.
760 602 912 653 VERGILI
931 602 1097 652 MARONIS

480 687 642 753 Admonuit,
659 689 720 739 tum
737 687 812 738 tecta
828 686 936 751 petunt,
954 686 1014 737 tum
1031 699 1147 753 corpora
1163 690 1284 751 curaut;

480 762 526 817 Fit
543 764 655 830 sonitus,
671 762 849 829 mussantque
867 776 930 813 orae
947 762 977 814 et
994 759 1088 815 limina
1104 761 1217 817 circum.

479 838 553 906 Post,
570 837 618 892 ubi
635 839 690 892 iam
707 836 835 891 thalamis
853 852 884 891 se
901 852 1076 906 conposuere,
1095 838 1193 891 siletur

479 914 514 969 In
532 918 646 980 noctem,
664 914 804 981 fessosque
822 929 903 981 sopor
921 928 987 965 suus
1005 917 1119 982 occupat
1137 916 1223 969 artus
1304 931 1340 969 rm

477 990 505 1043 N
506 1008 537 1044 cc
554 1007 618 1042 vero
636 1006 653 1043 a
670 989 785 1042 stabulis
802 987 895 1057 pluvia
911 988 1080 1056 inpendente
1097 989 1234 1044 recedunt

478 1066 604 1134 Longius,
623 1068 671 1118 aut
688 1064 804 1117 crodunt
822 1064 898 1118 caelo
916 1063 1129 1119 adventantibus
1148 1066 1246 1125 nuiss

477 1142 533 1195 Sed
549 1142 651 1194 circum
669 1144 746 1193 tutae
764 1140 814 1193 sub
833 1140 976 1193 moenibus
992 1140 1070 1195 urbis
1087 1146 1234 1211 aquantur,

477 1217 670 1286 Excursusque
687 1216 777 1269 brevis
795 1219 941 1286 temptant,
961 1220 990 1271 et
1008 1233 1089 1286 saepe
1107 1218 1223 1286 lapillos,

476 1294 517 1347 Ut
534 1290 645 1361 cymbae
662 1292 802 1346 instabiles
820 1292 906 1346 fluctu
923 1293 1042 1348 iactante
1060 1293 1211 1360 saburram,
1305 1314 1337 1352 m

476 1368 601 1432 'lbllunt3
618 1369 660 1422 hie
678 1385 738 1423 sese
757 1385 806 1437 per
823 1369 914 1422 inania
932 1368 1026 1422 nubila
1043 1369 1155 1427 librant.

476 1445 559 1499 Illum
576 1446 646 1500 adeo
663 1446 797 1516 placuisse
814 1444 911 1514 apibus
928 1444 1066 1499 mirabere
1081 1463 1194 1516 morem,

476 1521 556 1586 Quod
573 1539 663 1591 neque
680 1519 825 1575 concubitu
842 1520 994 1589 indulgent,
1012 1537 1063 1575 nec
1080 1538 1194 1591 corpora
1213 1540 1316 1591 segmcs

475 1596 510 1650 Iu
529 1597 665 1651 Venerem
684 1597 801 1663 solvunt,
819 1600 868 1651 aut
886 1598 959 1651 fetus
976 1597 1086 1652 nixibus
1103 1598 1198 1667 edunt,

475 1672 579 1727 Verum
598 1674 674 1742 ipsae
692 1690 708 1727 e
725 1673 797 1726 foliis
815 1676 894 1726 natos
912 1677 941 1726 ct
959 1673 1086 1727 muribus
1103 1673 1198 1729 herbis
1301 1694 1337 1733 aoo

475 1749 530 1804 Ore
548 1752 652 1818 legunt,
671 1750 747 1818 ipsae
765 1766 859 1817 regern
877 1765 1032 1819 parvosque
1052 1750 1173 1815 Quirites

474 1826 623 1892 Sufficirmt,
642 1827 773 1895 mulasque
790 1828 821 1879 et
839 1842 918 1879 cerea
936 1843 1022 1894 regna
1039 1827 1185 1895 relingunt.

474 1901 561 1970 Saepe
579 1902 663 1955 etiam
681 1901 759 1956 dume
777 1900 895 1955 errando
912 1903 941 1955 iu
959 1902 1067 1956 cotibus
1084 1904 1141 1958 alae

474 1978 624 2045 Attrivcre,
643 1978 771 2047 ultroque
789 1978 909 2031 animam
927 1978 978 2032 sub
996 1978 1070 2033 fasce
1088 1978 1200 2035 dedere.

473 2054 577 2108 'lautus
595 2071 671 2107 amor
688 2054 785 2108 florum
803 2058 832 2108 et
849 2054 999 2123 generandi
1017 2055 1103 2123 gloria
1120 2054 1218 2110 mellis
1297 2074 1335 2115 ros

472 2130 545 2199 Ergo
562 2132 636 2200 ipsas
655 2132 778 2199 quamvis
796 2130 906 2199 angusti
925 2131 1058 2184 terminus
1075 2132 1134 2185 aeri

472 2207 723 2278 Excipiet-neque
741 2208 813 2261 cuim
830 2207 894 2276 plus
912 2211 1038 2275 septuma
1056 2206 1168 2261 ducitur
1185 2213 1319 2265 aestus-

471 2284 513 2337 At
529 2301 616 2351 genus
634 2284 778 2338 inmortale
796 2285 897 2350 manet,
915 2283 1071 2353 multosque
1088 2300 1140 2351 per
1157 2300 1243 2340 annos

471 2359 534 2413 Stat
553 2360 676 2414 Fortuna
694 2360 798 2427 domus,
816 2362 846 2413 ct
864 2358 908 2412 avi
926 2362 1105 2417 numeruntur
1122 2376 1243 2415 avemus

472 2435 621 2489 Praeterea
638 2453 731 2503 regem
749 2453 802 2489 non
820 2436 858 2488 sic
877 2436 1018 2503 Aegyptos
1036 2439 1065 2506 et
1082 2436 1179 2503 ingens
1295 2453 1334 2493 no

471 2511 564 2580 Lydia,
582 2528 633 2566 nec
651 2511 742 2580 populi
762 2511 926 2565 Parthorum
943 2515 992 2565 aut
1010 2511 1110 2565 Medus
1129 2511 1278 2583 Hydaspes

470 2587 632 2642 Observaut.
669 2589 747 2656 Rege
763 2587 892 2640 incolumi
910 2604 986 2641 mous
1004 2587 1130 2641 omuibus
1147 2604 1202 2642 una
1219 2593 1297 2657 θεῖς·

473 2664 582 2718 Amisso
600 2681 700 2733 rupere
717 2664 808 2731 fidem,
826 2667 1038 2732 constructaque
1055 2664 1136 2718 mella

470 2739 615 2809 Diripuere
633 2741 709 2810 ipsae
728 2744 757 2793 et
775 2740 858 2793 cratis
877 2739 982 2794 solvere
1001 2741 1139 2806 favorum

472 2816 522 2871 llle
540 2835 652 2886 operum
670 2822 768 2882 custos,
786 2817 863 2870 illum
882 2816 1062 2885 admirantur,
1080 2820 1109 2872 et
1126 2834 1221 2873 omnes
1293 2836 1331 2877 ne

471 2892 654 2948 Circumstant
671 2895 784 2947 fremitu
802 2894 887 2948 denso
905 2894 1064 2963 stipantque
1082 2894 1252 2964 frequentes,

471 2969 507 3024 Et
525 2987 606 3039 saepe
625 2970 754 3024 attollunt
772 2971 902 3035 humeris,
922 2975 951 3024 ct
969 2987 1084 3039 corpora
1100 2970 1173 3025 bello

469 3045 616 3101 Obiectant
633 3047 831 3116 pulchramque
849 3049 950 3115 petunt
967 3063 1017 3115 per
1035 3047 1146 3101 volnera
1164 3054 1293 3105 mortem.

505 3122 557 3175 Hie
575 3123 687 3193 quidam
706 3124 790 3192 signis
808 3127 893 3192 atque
910 3122 977 3176 haec
996 3125 1120 3192 exempla
1139 3125 1225 3179 secuti

469 3198 537 3253 Esse
554 3200 651 3268 apibus
669 3204 777 3269 partem
795 3201 904 3253 divinae
922 3199 1022 3253 mentis
1040 3204 1070 3255 et
1087 3201 1202 3256 haustus
1291 3218 1328 3257 sao

469 3276 618 3331 Aetherios
636 3279 747 3344 dixere;
763 3279 847 3333 deum
865 3293 983 3345 namque
1001 3278 1042 3331 ire
1059 3295 1110 3347 per
1127 3277 1215 3331 omnis

468 3349 620 3423 Terraeque
638 3357 800 3424 tractusque
817 3354 901 3407 maris
919 3354 1079 3424 caelumque
1096 3354 1279 3424 profundum

468 3427 541 3484 Hinc
558 3430 685 3499 pecudes,
704 3434 835 3496 armento,
852 3431 933 3499 viros,
950 3448 1036 3499 genus
1055 3447 1135 3485 omne
1153 3431 1282 3495 ferarum,

455 3501 603 3572 Quemque
618 3507 676 3561 sibi
695 3508 786 3563 tenuis
803 3510 967 3563 nascentem
985 3524 1125 3561 arcessere
1139 3507 1232 3568 sitas,

430 3571 552 3631 Sabaeo
568 3582 627 3635 huc
644 3585 734 3641 reddi
755 3586 864 3642 deinde
883 3603 919 3643 ac
936 3584 1065 3641 resoluta
1081 3578 1186 3634 reterri
1304 3587 1345 3626 n

416 3640 528 3716 omli
551 3672 610 3712 ἰα’
627 3664 723 3719 morti
745 3682 815 3723 esse
836 3665 949 3734 locum,
965 3661 1024 3721 sed
1040 3660 1111 3715 uiua
1125 3653 1226 3707 solare
