3467 4367
451 627 496 678 278
662 626 692 673 P.
711 621 866 679 VERGILI
884 622 1015 671 MARON
1019 623 1050 671 IS

450 707 590 762 Sternitur
609 704 746 759 Arcadiae
763 703 861 772 proles,
880 705 1040 757 sternuntur
1058 704 1174 770 Etrusci,

451 784 560 850 Etrus,
578 799 594 835 o
614 781 704 835 Graiis
722 779 858 847 inperdita
876 796 997 847 corpora,
1016 779 1120 833 Teucri.
1266 798 1304 837 4³0

452 860 571 928 Agmina
588 861 753 912 concurrunt
771 856 942 925 ducibusque
960 860 989 909 et
1007 855 1110 909 viribus
1127 857 1230 925 aequis.

453 935 578 989 Extremi
596 934 751 987 addensent
768 932 856 996 acies;
875 950 925 986 nec
942 931 1024 986 turba
1041 933 1144 985 moveri

452 1010 518 1065 Tela
536 1026 687 1079 manusque
705 1009 779 1063 sinit.
816 1008 890 1061 Hinc
909 1008 999 1061 Pullus
1016 1009 1102 1062 instat
1119 1011 1149 1063 et
1165 1012 1274 1078 urguet,

454 1088 528 1141 lline
545 1090 641 1140 contra
659 1086 770 1147 Lausus,
788 1101 838 1138 nec
855 1084 973 1139 multum
991 1085 1129 1153 discrepat
1146 1089 1231 1155 aetas,

452 1163 563 1231 Egregii
581 1163 683 1227 forma;
701 1162 751 1215 sed
768 1161 830 1230 quis
847 1162 957 1215 fortuna
974 1165 1088 1229 negarat
1268 1178 1306 1217 sss

454 1239 488 1291 ln
506 1239 625 1307 patriam
643 1238 756 1292 reditus.
794 1238 873 1306 Ipsos
890 1253 1052 1291 concurrere
1070 1254 1166 1307 passus

453 1314 537 1368 Haud
555 1318 648 1369 tamen
665 1315 739 1369 inter
756 1331 786 1368 se
804 1313 897 1381 magni
914 1317 1045 1381 regnator
1063 1313 1188 1383 Olympi;

454 1390 520 1443 Mox
539 1390 600 1445 illos
618 1408 667 1445 sua
685 1391 743 1444 fatu
761 1394 873 1444 manent
891 1390 993 1443 maiore
1012 1389 1062 1443 sub
1080 1389 1165 1443 hoste.

488 1467 600 1521 Interea
617 1484 693 1521 soror
711 1467 782 1520 alma
799 1469 893 1520 monet
912 1466 1059 1520 succedere
1078 1465 1166 1519 Lauso

454 1542 582 1611 lismnm,
601 1546 648 1613 qui
665 1543 768 1597 volucri
786 1559 869 1596 curru
886 1542 1007 1595 medium
1026 1549 1101 1596 secat
1117 1557 1223 1610 agmen.
1268 1556 1307 1595 sur

453 1618 494 1673 Ut
510 1619 580 1673 vidit
597 1620 697 1673 socios:
716 1606 834 1687 'l'empus
852 1616 988 1671 desistere
1006 1634 1126 1686 pugnae;

454 1694 532 1748 Solus
549 1712 601 1762 ego
617 1695 647 1748 in
665 1694 790 1746 Pallanta
806 1693 895 1757 feror;
912 1693 962 1746 soli
980 1693 1046 1745 mihi
1065 1693 1154 1745 Pallas

455 1771 597 1835 Debetur;
615 1786 743 1838 euperem
761 1770 821 1837 ipse
839 1784 939 1837 parens
955 1771 1095 1837 spectator
1111 1769 1229 1823 adesset.

457 1847 531 1899 llaec
548 1847 601 1910 ait;
619 1849 648 1900 et
665 1845 731 1899 socii
749 1847 891 1898 cesserunt
908 1860 1027 1912 aequore
1043 1845 1123 1898 iusso.

459 1924 505 1989 At,
525 1921 658 1975 Rutulum
676 1920 811 1988 abscessu,
828 1920 934 1973 iuvenis
952 1923 1011 1973 tum
1029 1920 1103 1974 iussa
1121 1921 1239 1989 superba
1268 1936 1307 1976 ars

458 1998 574 2051 Miratus
592 2001 686 2066 stupet
703 1997 732 2050 in
750 1997 848 2063 Turno,
866 2011 1019 2064 corpusque
1037 1998 1201 2066 peringens

457 2073 571 2126 humina
587 2073 678 2139 volvit,
696 2073 810 2140 obitqm
827 2072 900 2125 truci
919 2072 1013 2140 procul
1031 2074 1122 2126 omnia
1139 2072 1207 2143 visu,

454 2149 563 2202 Talibus
581 2152 611 2204 et
628 2149 710 2204 dictis
727 2149 751 2202 it
768 2151 864 2202 contra
882 2147 957 2201 diota
974 2149 1097 2217 tyranni:

455 2225 514 2278 Aut
532 2225 624 2295 spoliis
643 2241 694 2293 ego
711 2226 765 2279 iam
783 2224 871 2293 raptis
888 2223 1022 2278 laudabor
1039 2225 1145 2293 opimis,

455 2303 516 2354 Ant
533 2300 589 2355 leto
607 2301 724 2370 insigni3
743 2301 811 2353 sorti
828 2304 908 2367 pater
925 2316 1031 2368 aequus
1048 2301 1159 2369 utrique
1177 2303 1227 2355 est.
1268 2316 1308 2355 ssu

454 2377 529 2430 Tolle
546 2379 641 2430 minas.
677 2377 763 2430 Fatus
780 2376 902 2430 medium
920 2376 1045 2444 procedit
1062 2376 1090 2429 in
1108 2394 1219 2446 aequor.

455 2453 583 2520 Frigidus
603 2453 758 2506 Arcadibus
776 2453 830 2505 coit
846 2452 875 2504 in
892 2453 1053 2520 praecordia
1070 2455 1188 2521 sanguis.

455 2527 573 2581 Desiluit
591 2529 698 2581 'lurnus
716 2527 832 2596 biiugis;
850 2527 935 2595 pedes
953 2532 1067 2597 apparat
1084 2530 1125 2583 ire

455 2604 617 2657 Comminus.
653 2603 747 2672 thue
764 2603 815 2671 leo,
834 2604 944 2671 specula
961 2621 1022 2657 cum
1040 2605 1110 2658 vidit
1126 2604 1162 2659 ab
1180 2606 1236 2662 alta

454 2680 534 2734 Stare
546 2679 640 2748 procul
652 2680 756 2748 campis
768 2679 949 2733 meditantem
960 2680 989 2732 in
1001 2681 1105 2748 proelia
1116 2684 1234 2750 taurum,
1269 2697 1308 2739 ⁴⁵⁵

455 2755 588 2810 Advolat:
607 2755 681 2809 haud
698 2755 751 2808 aliu
769 2757 812 2809 est
830 2754 914 2808 'lurni
933 2756 1067 2811 venientis
1085 2757 1183 2826 imago.

454 2832 536 2885 Hunc
557 2831 605 2890 ubi
625 2832 783 2899 contiguum
802 2832 902 2884 missae
919 2832 977 2884 fore
995 2832 1114 2886 credidit
1131 2834 1235 2902 hastae,

454 2908 501 2961 lre
520 2908 595 2977 prior
615 2907 713 2975 Pallas,
732 2907 755 2960 si
773 2924 828 2976 qua
845 2908 903 2960 fors
920 2907 1033 2962 adiuvet
1050 2925 1147 2962 ausum

454 2983 568 3037 Viribus
585 2983 733 3052 inparibus,
752 3000 936 3052 magnumque
954 2983 994 3037 ita
1011 2984 1048 3038 ad
1065 2984 1178 3040 aethera
1194 2986 1288 3040 fatur:

453 3061 507 3113 Per
519 3061 606 3129 patris
619 3059 767 3129 hospitium
781 3063 810 3112 et
821 3075 937 3127 mensas,
950 3076 1019 3129 quus
1030 3061 1135 3115 advena
1146 3061 1237 3127 adisti,
1269 3076 1308 3116 sou

453 3135 491 3189 'l'e
509 3152 613 3204 precor,
634 3136 740 3202 Alcide,
759 3135 864 3203 coeptis
883 3134 1041 3203 ingentibus
1058 3137 1139 3191 adsis.

453 3211 556 3265 Cernat
574 3214 702 3265 semineci
721 3211 773 3274 sibi
792 3228 835 3263 me
853 3228 951 3280 rapere
969 3229 1045 3266 arma
1062 3216 1183 3281 cruenta,

454 3288 649 3357 victoremque
668 3289 758 3341 ierant
775 3287 920 3340 morientia
938 3286 1041 3341 lumina
1059 3288 1150 3342 Turni.

454 3363 554 3417 Audiit
573 3363 693 3422 Alcides
703 3364 836 3430 iuvenem,
855 3379 1039 3433 magnumque
1057 3364 1107 3418 sub
1125 3365 1180 3418 imo

448 3438 542 3494 Corde
556 3441 663 3510 premit
680 3440 815 3510 gemitum
833 3437 1014 3508 lacrimasque
1032 3440 1148 3495 effundit
1164 3440 1260 3498 inanis.
1270 3456 1309 3497 sos

433 3514 505 3571 Tum
529 3518 651 3575 Genitor
669 3523 772 3575 natum
791 3515 876 3571 dictis
893 3515 1003 3570 adintnr
1022 3517 1134 3569 anissis:

414 3590 490 3649 Stat
508 3614 563 3653 sua
585 3602 697 3673 cuique
716 3600 803 3665 dies,
818 3595 912 3651 breue
932 3596 966 3648 et
980 3591 1167 3660 inreparabilis
1178 3594 1290 3672 lemnus

402 3662 559 3734 Omnibus
581 3685 630 3739 est
654 3682 761 3750 ritae;
784 3676 840 3736 sed
859 3674 976 3730 lamam
992 3667 1149 3736 extendere
1160 3662 1254 3722 iactus,
1303 3739 1307 3748 ἱ
