3467 4367
481 625 510 674 78
717 623 747 672 Ρ.
765 622 922 670 VERGILI
940 622 1107 672 MARONIS

480 704 633 768 Hauserat3
651 702 765 755 arebant
784 701 896 769 herbae,
915 707 945 756 et
962 719 1026 756 cava
1045 703 1155 758 flumina
1171 704 1252 761 siccis

480 780 615 835 Faucibus
633 779 669 832 ad
686 779 780 831 limum
800 779 869 832 radii
888 779 1025 848 tepefacta
1042 782 1210 849 eoquebant:

479 861 548 915 Cum
568 857 685 909 Proteus
703 862 832 910 consueta
850 862 947 926 petens
966 875 981 911 s
999 858 1127 912 fluetibus
1143 862 1225 915 antra

479 936 558 1000 lbat3
577 952 639 989 eum
657 934 727 987 vasti
746 935 846 986 circum
864 952 932 1002 gens
949 934 1061 988 humida
1078 936 1155 1004 ponti
1303 951 1339 992 w

478 1014 625 1067 Exsultans
643 1028 733 1065 rorem
752 1011 807 1065 late
825 1011 1107 1081 dispergitamarum.

387 1119 389 1123 ·
479 1090 612 1144 Sternunt
629 1107 658 1143 se
677 1105 769 1142 somno
788 1088 913 1142 diversae
930 1090 958 1142 in
976 1089 1056 1142 litore
1073 1088 1191 1156 phoeoe3

479 1167 550 1235 Ipse,
569 1168 644 1221 velut
662 1165 762 1219 stabuli
780 1170 871 1219 eustos
889 1167 916 1219 in
935 1165 1071 1219 montibus
1088 1164 1161 1233 olim,
1234 1225 1237 1229 μ

478 1243 585 1313 Vesper
603 1243 651 1296 ubi
669 1260 685 1296 e
703 1246 784 1310 pastu
802 1241 902 1296 'vitulos
920 1243 956 1296 ad
974 1245 1048 1295 tecta
1065 1239 1171 1295 reducit
1248 1297 1254 1306 ,

482 1314 646 1389 Auditisque
664 1320 742 1389 lupos
760 1324 861 1373 acuunt
878 1318 1015 1373 balatibus
1031 1317 1101 1385 agni,
1300 1328 1338 1374 ns

478 1395 603 1451 Considit
621 1396 730 1465 seopulo
750 1396 863 1464 medius,
882 1409 1079 1463 numerumque
1096 1398 1228 1449 recenset

478 1471 561 1525 Cuius
581 1474 708 1526 Aristaeo
729 1473 855 1541 quoniam
874 1474 917 1526 est
935 1471 1028 1525 oblata
1044 1470 1165 1536 leeultas,

478 1548 532 1601 Vix
550 1549 657 1602 defessa
675 1565 768 1601 senem
788 1565 884 1616 passus
902 1563 1055 1616 conponere
1072 1546 1203 1613 membra,

478 1625 546 1678 (lum
564 1626 681 1678 clamore
700 1626 756 1678 ruit
775 1641 881 1691 magno,
899 1624 1065 1693 manicisque
1081 1623 1215 1678 iacentem

477 1699 605 1769 Occupat
643 1701 695 1753 llle
713 1717 778 1754 strae
798 1704 893 1753 eontra
910 1717 963 1753 non
981 1700 1114 1753 inmemor
1131 1699 1200 1753 artis
1264 1731 1278 1776 χ
1299 1716 1335 1757 sse

477 1776 574 1829 Omnia
592 1777 769 1830 transformat
788 1792 848 1829 sese
867 1777 895 1829 in
913 1775 1042 1829 miracula
1059 1792 1158 1841 rerum,

477 1852 635 1922 Ignemque,
648 1852 862 1920 horribilemque
874 1853 967 1918 leram,
980 1852 1146 1920 fluviumque
1157 1852 1323 1921 liquentem.

477 1928 580 1981 Verum
597 1929 644 1982 ubi
661 1929 736 1982 nulla
751 1929 844 1997 fugam
862 1928 968 1997 reperit
985 1928 1096 1995 fallaeia,
1114 1927 1202 1982 vietus

477 2004 509 2056 In
528 2021 587 2059 sese
605 2005 685 2073 redit,
703 2008 787 2074 atque
807 2005 924 2059 hominis
943 2005 1055 2059 tandem
1074 2020 1122 2059 ore
1138 2004 1259 2062 loeutus:
1276 2031 1279 2035 >

475 2080 545 2134 llam
564 2082 625 2150 quis
642 2090 679 2147 te,
697 2082 825 2135 iuvenum
845 2081 1082 2148 confidentissime,
1100 2084 1207 2135 nostras
1296 2100 1332 2139 ue

476 2156 560 2211 Iussit
571 2158 648 2212 adire
661 2159 772 2213 domosl
791 2157 892 2226 quidve
906 2157 968 2210 hino
979 2157 1067 2227 petisl
1082 2158 1177 2225 inquit.
1215 2160 1256 2213 At
1267 2160 1332 2217 ille:

474 2232 539 2303 Seis,
559 2236 669 2301 Protea,
688 2235 740 2288 seis
758 2235 831 2302 ipse;
849 2250 939 2301 neque
956 2237 999 2287 est
1014 2238 1043 2287 te
1059 2234 1153 2287 fallere
1169 2235 1332 2303 quiequam

473 2308 529 2363 Sed
547 2315 578 2364 tu
595 2312 689 2365 desine
707 2311 783 2364 velle.
822 2310 911 2363 Deum
929 2315 1075 2379 praecepta
1093 2310 1180 2363 secuti

473 2385 613 2454 Venimus,
631 2387 693 2440 hine
710 2385 788 2439 lassis
806 2386 960 2454 quaesitum
980 2387 1087 2440 oracula
1105 2386 1194 2440 rebus

473 2461 590 2515 Tantum
608 2463 712 2516 effatus.
749 2461 796 2514 Ad
814 2462 882 2515 haee
900 2465 977 2516 vates
995 2462 1021 2515 vi
1040 2461 1158 2529 denique
1176 2462 1265 2518 multa
1294 2481 1332 2521 sse

473 2538 606 2592 Ardentis
623 2538 713 2591 oeulos
731 2537 844 2591 intorsit
862 2538 963 2593 lumine
981 2540 1085 2607 glauoo,

472 2613 509 2667 Et
525 2615 646 2683 graviter
663 2613 795 2667 frendens
813 2614 851 2667 sie
870 2615 934 2669 latis
954 2633 1001 2669 ora
1021 2615 1144 2669 resolvit:

475 2755 478 2761 ι
507 2690 531 2742 N
535 2707 569 2744 on
588 2695 616 2743 te
634 2690 733 2743 nullius
752 2694 883 2744 exercent
901 2692 1018 2746 numinis
1036 2693 1100 2745 irae.

472 2764 572 2833 Magna
589 2766 640 2819 luis
659 2766 814 2821 commissa:
833 2767 884 2820 tibi
903 2767 953 2821 has
970 2768 1132 2822 miserabilis
1150 2770 1279 2838 Orpheus

472 2840 556 2895 Haud
574 2860 710 2911 quaquam
729 2842 764 2895 ob
784 2844 912 2897 meritum
932 2860 1041 2913 poenas,
1058 2846 1086 2898 ni
1104 2845 1174 2898 Fata
1189 2845 1330 2914 resistent,

471 2917 598 2984 Suscitat‚
616 2923 645 2972 et
662 2923 743 2988 rapta
760 2920 883 2988 graviter
902 2936 952 2987 pro
972 2920 1084 2989 coniuge
1102 2920 1196 2975 saevit.
1293 2940 1331 2979 sse

472 2993 524 3046 Illa
541 2994 660 3063 quidem,
679 2995 745 3049 dum
764 3001 793 3050 te
811 2997 921 3064 lugeret
939 3014 990 3066 per
1008 2997 1118 3050 flumine
1134 3012 1275 3067 praeceps

472 3068 612 3124 Iomanem
630 3075 694 3127 ante
712 3073 797 3142 pedes
815 3073 933 3141 hydrum
952 3073 1085 3126 moritura
1102 3072 1193 3143 puella

470 3146 631 3201 servantem
648 3149 722 3218 ripas
740 3151 796 3204 alta
814 3166 867 3203 non
887 3148 957 3203 vidit
974 3148 1003 3202 in
1021 3149 1115 3205 herba.

471 3222 511 3275 At
529 3223 626 3278 chorus
644 3227 766 3293 aequalis
784 3226 923 3295 Dryadum
942 3226 1060 3279 clamore
1079 3242 1220 3296 supremos
1293 3243 1330 3282 eso

471 3297 614 3367 Inplerunt
632 3303 748 3367 montis3
766 3302 867 3355 flerunt
889 3302 1065 3371 Rhodopeiae
1084 3320 1168 3371 eroes,

472 3374 591 3445 Altaque
610 3378 744 3445 Pangaea,
763 3381 792 3430 et
811 3377 896 3431 Rhesi
915 3378 1051 3433 Mavortia
1069 3379 1159 3447 tellus,

460 3453 562 3518 Atque
580 3453 675 3520 Getae,
695 3457 782 3523 atque
801 3452 923 3523 Hebrus,
941 3458 970 3508 et
990 3455 1085 3508 hotias
1104 3454 1236 3523 Orithyia

440 3519 519 3589 4080,
540 3542 610 3579 ears
627 3528 725 3583 solans
744 3548 862 3601 aegrum
881 3531 1028 3587 testudine
1045 3546 1178 3593 aurorem,

424 3587 474 3658 Pe
496 3596 595 3654 duleis
613 3607 754 3678 coniunx,
774 3613 807 3665 te
829 3611 891 3667 solo
910 3610 943 3665 iu
958 3610 1047 3665 litore
1066 3620 1175 3665 seeum,
1315 3616 1352 3653 U

406 3655 453 3715 Te
475 3674 618 3733 veniente
639 3683 698 3750 die,
724 3696 757 3745 te
776 3688 956 3747 decedente
975 3682 1115 3741 eaustus.
