3467 4367
469 621 517 668 302
699 624 729 672 P.
749 624 903 672 VERGILI
921 623 1087 674 MARONIS

471 699 550 754 Ilicet
568 701 596 754 in
614 718 706 756 muros
723 707 784 758 tota
802 704 966 758 discurritur
984 705 1060 759 urbe.

470 776 620 830 Concilium
637 779 696 847 ipse
713 784 794 847 pater
811 783 840 833 et
858 796 957 847 magna
973 781 1084 850 incepta
1101 782 1216 837 Latinus

471 852 581 906 Deserit
598 871 630 908 ac
645 855 719 908 tristi
737 855 865 910 turbatus
882 858 1006 923 tempore
1025 857 1125 924 differt,
1286 873 1323 914 111

471 930 613 999 Multaque
632 947 662 985 se
679 932 791 995 incusat,
810 935 857 1001 qui
875 950 929 986 non
947 935 1083 1003 acceperit
1100 935 1173 989 ultro

471 1006 639 1060 Dardanium
657 1008 779 1076 Aenean,
796 1025 983 1078 generumque
1001 1010 1149 1065 adsciverit
1165 1010 1235 1065 urbi.

471 1082 648 1137 Praefodiunt
666 1083 711 1136 alii
728 1088 830 1152 portas,
848 1089 898 1140 aut
915 1102 981 1140 saxa
999 1086 1136 1156 sudesque

471 1158 646 1213 Subnectant
684 1160 762 1213 Bello
780 1160 830 1215 dat
847 1162 955 1230 signum
973 1179 1056 1216 rauca
1073 1166 1216 1216 cruentum

470 1235 581 1289 Bucina
617 1236 685 1289 Tum
703 1254 795 1291 muros
811 1237 887 1291 varia
904 1237 1013 1291 cinxere
1030 1253 1129 1292 corona
1185 1236 1187 1239 ’
1286 1253 1323 1294 171

470 1310 614 1366 Matronae
631 1314 778 1382 puerique;
794 1316 874 1367 vocat
891 1313 968 1367 labor
985 1314 1097 1367 ultimus
1115 1314 1207 1367 omnis.

471 1388 599 1442 Necnon
617 1388 654 1443 ad
671 1389 805 1459 templum
824 1406 998 1457 summasque
1016 1389 1052 1443 ad
1071 1391 1191 1443 Palladis
1207 1406 1287 1445 arces

472 1463 637 1519 Subvehitur
653 1482 751 1534 magna
768 1469 888 1520 matrum
905 1467 1001 1533 regina
1018 1469 1135 1533 caterva,

472 1540 549 1593 Dona
565 1542 662 1609 ferens,
680 1542 812 1611 1111111111
828 1558 919 1595 comes
938 1542 1050 1595 Lavinia
1066 1542 1149 1610 virgo,

472 1615 574 1670 Caussa
590 1618 655 1671 mali
673 1619 750 1684 tanti,
768 1618 860 1671 oculos
878 1618 986 1671 deiecta
1004 1618 1126 1672 decoros.
1216 1671 1222 1682 ,
1284 1632 1324 1671 eso

472 1691 625 1747 Succedunt
641 1696 751 1760 matres,
769 1697 798 1747 et
815 1694 949 1762 templum
967 1697 1029 1748 ture
1047 1696 1186 1763 vaporant,

472 1766 508 1820 llt
526 1772 643 1821 maestas
660 1768 716 1820 alto
733 1768 849 1823 fundunt
868 1769 904 1822 de
921 1769 1014 1823 limine
1032 1786 1123 1824 voces:

474 1843 656 1910 Armipotens,
668 1859 782 1911 praeses
799 1844 872 1912 belli,
888 1844 1010 1899 Tritonia
1027 1846 1111 1913 virgo,

472 1918 579 1987 Frange
596 1936 678 1973 manu
695 1918 781 1973 telum
800 1919 912 1988 Phrygii
929 1920 1083 1988 praedonis,
1101 1923 1130 1974 et
1147 1920 1237 1989 ipsum

472 1994 590 2049 Pronum
608 1999 701 2050 sterne
718 1996 782 2064 solo,
799 1996 943 2065 portisque
961 1996 1070 2051 effunde
1088 1995 1139 2051 sub
1157 1995 1229 2050 altis.
1285 2014 1323 2054 111

472 2070 597 2139 Cingitur
613 2072 671 2140 ipse
687 2072 781 2125 furens
797 2072 924 2125 certatim
941 2072 970 2125 in
987 2073 1091 2141 proelia
1108 2073 1221 2126 Turnus.

473 2146 587 2216 Iamque
604 2148 673 2201 adeo
693 2148 825 2201 Rutulum
844 2147 958 2202 thoraca
975 2147 1088 2202 indutus
1106 2147 1181 2201 aenis

473 2223 611 2277 Horrebat
628 2224 756 2292 squamis,
774 2239 907 2292 surasque
924 2223 1072 2277 incluserat
1089 2240 1161 2287 auro,

472 2298 604 2368 Tempora
620 2298 710 2352 nudus
728 2299 825 2365 adhuc,
843 2299 980 2368 laterique
999 2299 1154 2353 accinxerat
1171 2316 1276 2368 ensem,

472 2374 659 2443 Fulgebatque
676 2375 734 2428 alta
750 2374 899 2428 decurrens
916 2391 1015 2428 aureus
1033 2392 1102 2443 arco,
1283 2390 1322 2430 111

471 2451 652 2519 Exsultatque
668 2450 772 2517 animis,
790 2453 819 2504 et
836 2467 884 2519 spe
901 2452 955 2509 11111
973 2451 1107 2520 praecipit
1123 2450 1244 2507 hostem:

471 2524 565 2588 Qualis
582 2526 629 2579 ubi
646 2524 771 2594 abruptis
789 2526 861 2593 fugit
878 2528 1023 2596 praesepia
1040 2526 1136 2580 vinclis

471 2598 592 2655 'landem
608 2602 679 2654 liber
696 2618 790 2669 equus,
807 2619 957 2671 campoque
975 2602 1079 2671 potitus
1096 2606 1193 2672 aperto

473 2681 531 2732 Aut
548 2677 593 2731 ille
610 2677 638 2730 in
656 2681 751 2745 pastus
769 2682 948 2747 armentaque
966 2678 1057 2732 tendit
1075 2694 1215 2747 equarum,

473 2756 531 2809 Aut
548 2754 679 2807 adsuetus
696 2770 783 2823 aquae
800 2754 929 2824 pertundi
947 2754 1058 2809 flumine
1074 2759 1140 2808 noto
1284 2769 1322 2809 111

470 2832 583 2899 Emicat,
600 2830 768 2898 arrectisque
784 2830 880 2884 fremit
896 2829 1048 2883 corvicibus
1062 2830 1117 2885 alte

474 2907 631 2972 Luxuriaus,
647 2905 802 2973 luduntque
819 2905 900 2959 iubae
917 2922 968 2975 per
985 2906 1060 2973 colla,
1076 2923 1127 2975 per
1145 2921 1241 2959 armos

471 2982 559 3036 Obvia
575 2982 626 3048 cui,
644 2980 804 3034 Volscorum
822 2981 880 3034 acie
897 2982 1052 3048 comitante,
1068 2981 1182 3036 Camilla

470 3058 605 3125 Occurrit,
621 3058 762 3126 portisque
780 3057 815 3111 ab
832 3074 903 3126 equo
921 3058 1017 3126 regina
1034 3056 1085 3111 sub
1103 3057 1170 3126 ipsis

473 3134 596 3202 Desiluit,
615 3150 697 3203 quam
715 3137 776 3188 tota
792 3134 889 3187 cohors
906 3134 1117 3200 imitatarelict'
1285 3148 1324 3188 eoo

473 3210 518 3264 Ad
535 3213 640 3264 terram
658 3209 775 3264 defluxit
792 3210 871 3277 equis
880 3231 887 3275 ;
905 3215 965 3263 tum
982 3209 1050 3263 talia
1067 3208 1154 3264 fatur:

471 3287 567 3352 l'urne,
586 3286 628 3339 sui
645 3285 744 3339 merite
763 3286 786 3337 si
804 3289 919 3353 quaest
937 3283 1037 3339 fiducia
1053 3285 1126 3352 forti,

472 3361 571 3415 Audeo
589 3365 618 3415 ot
638 3361 800 3415 Aeneadum
817 3361 948 3430 promitto
967 3377 1110 3416 occurrere
1127 3364 1236 3415 turmae

468 3437 587 3506 Solaque
605 3437 758 3507 Tyrrhenos
775 3437 883 3505 equites
900 3438 942 3491 ire
959 3437 1038 3491 obvia
1056 3441 1157 3492 contra

452 3514 504 3568 Me
521 3515 585 3570 sine
598 3514 695 3587 prima
713 3532 798 3571 manu
814 3517 957 3585 temptare
971 3514 1094 3584 pericula
1106 3513 1190 3592 tolli:
1237 3572 1241 3581 ,
1285 3528 1323 3569 soe

441 3590 482 3644 7l1
497 3593 599 3663 pedes
615 3595 655 3654 ad
675 3613 777 3653 muros
797 3594 933 3664 subsiste,
951 3594 984 3647 et
997 3589 1111 3645 moerim
1124 3595 1213 3639 11111.

375 3699 384 3814 q
424 3664 546 3728 firmus
561 3677 608 3735 ad
626 3677 714 3750 lra'ec,
733 3678 838 3737 oculos
857 3668 1011 3732 horrenda
1025 3666 1061 3719 in
1075 3660 1186 3728 *iut'ffil
1199 3659 1291 3710 mli
