3467 4367
685 618 868 667 AENEIDOS
885 617 954 668 LIB‚
973 618 1037 669 VII.
1234 620 1281 667 209

432 705 641 773 Instituuntque
658 705 749 775 dapes,
767 708 797 759 et
814 705 916 759 adorea
932 705 987 759 liba
1003 721 1054 774 per
1071 703 1184 760 herbam

430 783 583 837 Subiicinnt
601 781 769 851 epulis-sic
789 782 915 850 Iuppiter
932 782 978 835 ille
996 780 1160 835 monebat-
1246 796 1282 835 11⁰

431 859 468 912 Et
486 858 598 912 Cereale
616 858 702 911 solnm
720 858 808 927 pomis
827 856 982 925 agrestibus
1000 860 1107 925 augent.

430 934 605 1003 Consumptis
622 934 666 988 hic
683 936 755 989 forte
772 935 839 1002 aliis,
857 938 889 987 ut
906 937 1015 988 vertere
1032 950 1138 987 morsus

434 1011 565 1078 Exiguam
582 1011 610 1063 in
629 1011 757 1065 Cererem
775 1011 890 1079 penuria
908 1011 1002 1078 adegit
1020 1010 1121 1065 edendi

431 1086 467 1139 Et
484 1086 586 1141 violare
603 1104 685 1140 manu
703 1087 836 1154 malisque
855 1086 1004 1140 audacibus
1022 1085 1116 1139 orbem

432 1163 534 1216 Fatalis
551 1163 636 1218 crusti
652 1164 754 1231 patulis
772 1179 822 1216 nee
839 1178 952 1232 parcere
971 1161 1090 1230 quadris,
1243 1176 1283 1215 -115

434 1239 517 1308 ilens,
535 1240 618 1293 etiam
636 1255 744 1293 mensas
761 1239 957 1293 consumimus!
979 1237 1070 1306 inquit
1088 1237 1179 1304 Inlus;

430 1315 456 1367 N
459 1332 489 1369 cc
507 1317 585 1384 plura
602 1316 744 1369 adludens.
780 1317 821 1368 Ea
838 1331 891 1367 vox
909 1314 1004 1367 audita
1021 1314 1144 1367 laborum

433 1390 524 1444 Prima
541 1392 606 1445 tulit
623 1393 713 1459 finem,
732 1391 903 1459 primamque
921 1390 1058 1459 loquentis
1075 1389 1110 1443 ab
1128 1405 1177 1443 ore

430 1466 538 1534 Eripuit
556 1471 642 1536 pater,
660 1483 692 1520 ae
710 1468 877 1535 stupefactus
895 1468 1005 1519 numine
1023 1465 1130 1534 pressit.

431 1543 574 1611 Continuo,
594 1543 673 1598 Salve
689 1544 753 1610 fatis
772 1542 838 1594 mihi
857 1541 951 1596 debita
969 1542 1067 1610 Tellus,
1246 1556 1293 1595 lae·

431 1619 552 1687 Vosque,
570 1619 616 1686 ait,
635 1636 651 1671 o
669 1619 717 1671 fidi
737 1619 832 1672 Troiae
850 1619 954 1672 salvete
973 1617 1103 1672 Penates:

432 1696 486 1751 Hic
498 1696 602 1762 domus,
615 1696 682 1749 haec
696 1690 785 1765 patria
799 1699 848 1748 est.
870 1695 984 1749 Genitor
997 1695 1063 1747 mihi
1075 1694 1140 1748 talia
1154 1710 1280 1763 namque,

431 1774 456 1826 N
458 1789 511 1826 unc
527 1775 630 1840 repeto,
650 1772 784 1825 Anchises
801 1772 919 1825 fatorum
937 1787 1035 1825 arcana
1053 1770 1177 1839 reliquit:

431 1849 501 1903 Cum
518 1854 556 1916 te,
574 1852 646 1914 nate,
665 1848 751 1902 fames
768 1849 862 1916 ignota
880 1848 916 1901 ad
933 1847 1015 1901 litora
1033 1850 1142 1901 vectum

432 1925 536 1978 Aecisis
553 1928 633 1991 coget
651 1923 767 1994 dapibus
784 1940 944 1978 consumere
962 1939 1078 1991 mensas,
1244 1936 1280 1974 125

431 2001 499 2053 Tum
517 2016 628 2069 sperare
645 2000 741 2053 domos
759 1999 882 2055 defessus
899 2000 992 2068 ibique
1010 2001 1148 2053 memento

433 2077 524 2130 Prima
541 2076 631 2129 locare
648 2093 730 2129 mann
747 2075 889 2144 mohrique
907 2090 1007 2142 aggere
1025 2078 1106 2127 tecta.

434 2152 509 2205 Haec
526 2155 586 2205 erat
604 2152 650 2204 illa
667 2151 766 2215 iames;
787 2151 854 2203 haec
872 2166 922 2203 nos
940 2165 1068 2219 suprema
1085 2150 1222 2217 manebat,

388 2276 390 2279 ,
436 2228 529 2280 blxitiis
547 2228 668 2296 positura
685 2227 803 2279 modum.

432 2304 522 2367 Quare
539 2302 613 2369 agite
630 2306 659 2355 et
676 2302 764 2369 primo
781 2301 847 2355 laeti
865 2318 928 2355 cum
945 2301 1047 2355 lumine
1064 2302 1135 2367 solis,
1243 2316 1279 2356 1³⁰

432 2380 507 2444 Quae
524 2378 589 2445 loca,
608 2379 688 2445 quire
707 2376 826 2432 habeant
842 2377 973 2446 homines,
991 2377 1039 2431 nbi
1056 2378 1163 2431 moenia
1180 2378 1278 2447 gentis,

433 2454 611 2522 vestigemus,
629 2457 658 2506 et
675 2470 692 2505 a
709 2456 791 2521 portu
808 2454 918 2506 diversa
934 2457 1067 2522 petamus

430 2532 456 2584 N
459 2548 510 2584 nnc
527 2535 637 2597 pateras
654 2529 738 2582 libate
757 2529 824 2597 lovi,
842 2529 1023 2598 precibusque
1041 2533 1135 2584 vocate

431 2606 568 2660 Anchisen
585 2606 743 2673 genitorem,
761 2609 791 2660 et
808 2605 872 2659 vina
889 2606 1012 2674 reponite
1028 2606 1138 2659 mensis.

430 2684 474 2735 Sic
492 2682 592 2734 deinde
609 2682 706 2735 effatus
723 2681 862 2735 frondenti
880 2686 1005 2750 tempora
1023 2698 1098 2735 ramo
1242 2696 1278 2735 135

431 2757 557 2825 inplicat,
574 2759 603 2809 et
621 2757 792 2823 Geniumque
809 2757 862 2810 loci
879 2757 1049 2824 primamque
1066 2758 1179 2811 deorum

431 2831 565 2884 Tellurem
583 2830 777 2898 Nymphasque
795 2835 825 2884 et
841 2830 931 2884 adhuc
948 2831 1043 2898 ignota
1060 2836 1189 2900 precatur

432 2905 563 2971 Flumina,
580 2909 640 2959 tum
658 2905 773 2957 Noctem
792 2904 941 2973 Noctisque
959 2907 1075 2959 orientia
1093 2907 1175 2975 Signa

432 2982 601 3048 ldaenmque
620 2979 713 3034 Iovem
733 2979 934 3050 Phrygiamque
952 2998 986 3035 ex
1004 2982 1099 3036 ordine
1117 2983 1235 3038 Matrem

432 3059 550 3126 Invocat,
569 3062 598 3111 et
616 3056 732 3126 duplicis
750 3056 886 3125 Caeloque
898 3057 1048 3126 Ereboque
1065 3064 1200 3128 parentes.
1243 3074 1278 3115 uo

431 3136 485 3188 Hic
502 3137 582 3203 pater
600 3134 771 3204 omnipotens
788 3138 832 3187 ter
850 3134 925 3187 caelo
943 3134 1031 3188 clauis
1048 3136 1083 3190 ab
1101 3137 1157 3191 alto

432 3212 563 3279 Intonuit,
580 3212 720 3280 radiisque
739 3210 883 3264 ardentem
901 3210 969 3265 lueis
987 3214 1016 3266 et
1034 3229 1100 3265 auro

431 3289 494 3356 lpse
511 3305 595 3342 manu
612 3288 738 3355 quatiens
755 3287 877 3341 ostendit
895 3286 930 3341 ab
947 3288 1059 3342 aethere
1076 3291 1183 3345 nubem.

429 3363 541 3418 Diditur
557 3364 601 3417 hic
619 3363 708 3418 subito
727 3363 843 3417 Troiana
860 3381 911 3433 per
928 3365 1035 3433 agmina
1052 3382 1151 3433 rumor,

430 3440 582 3493 Advenisse
600 3440 681 3506 diem,
698 3456 753 3508 quo
771 3440 867 3493 debita
884 3440 992 3494 moenia
1009 3441 1134 3495 condant.
1243 3457 1285 3493 us

430 3515 561 3569 Certatim
578 3515 734 3570 instaurant
750 3516 855 3586 epulas,
873 3520 961 3588 atque
978 3518 1073 3572 omme
1087 3529 1196 3581 magno

420 3590 549 3644 Crateras
565 3592 634 3647 iaeti
652 3596 787 3651 statuunt
805 3600 836 3652 et
853 3596 924 3652 vina
942 3596 1096 3651 serenant.

440 3662 563 3721 Postera
580 3684 646 3724 cum
663 3673 764 3740 prima
782 3674 939 3731 lustrabat
954 3669 1105 3739 tammus
1120 3666 1227 3717 mm
