3467 4367
711 640 895 690 AENEIDOS
912 639 982 691 LIB.
1002 640 1052 688 IV.
1092 692 1094 696 ,
1257 643 1304 691 156

449 723 503 777 'Per
521 726 632 776 eentum
649 725 728 776 tonat
745 728 793 776 ore
810 721 884 790 dees,
903 721 1077 790 Erebumque
1096 712 1239 791 Chaosque
1268 736 1305 776 515

449 798 694 867 Tergeminamque
713 797 846 865 Hecaten,
864 797 920 851 trie
937 797 1051 865 virginis
1069 814 1118 851 ora
1135 798 1249 853 Dianae.

406 856 594 944 'liparserat
611 878 641 929 et
658 874 755 927 latices
774 874 918 928 simulatos
936 874 1020 927 lentis
1040 874 1152 942 Averni,

449 950 577 1005 Faleibus
595 954 624 1005 et
641 966 746 1003 messae
764 950 926 1029 adjsunam
944 953 1114 1020 quaenuntur
1131 951 1207 1005 aenis

448 1027 588 1081 Pubentes
605 1026 707 1079 herbae
725 1026 796 1093 nigri
814 1042 877 1079 cum
894 1026 966 1080 laete
984 1027 1097 1091 veneni;

448 1103 596 1168 Quaeritur
614 1106 643 1155 et
660 1102 798 1156 nascentis
816 1102 882 1171 equi
901 1100 936 1155 de
955 1102 1046 1155 fronte
1065 1103 1188 1156 revolsus
1268 1118 1305 1159 515

448 1179 486 1232 m
503 1179 584 1232 matri
603 1181 767 1247 praereptus
785 1193 869 1231 amor.

395 1261 396 1266 ’
448 1256 514 1323 Ipsa
531 1254 603 1328 mpla
620 1253 800 1322 manibusque
817 1254 871 1323 piis
889 1253 988 1307 altaria
1006 1253 1092 1323 iuxta,

447 1331 540 1384 Unum
558 1335 641 1385 exuta
657 1330 757 1399 pedem
776 1330 878 1397 vinclis,
897 1331 927 1383 in
944 1334 1021 1385 veste
1039 1331 1166 1399 recincta,

447 1406 577 1460 Testatur
594 1406 728 1460 moritura
746 1406 812 1459 deos
830 1410 859 1459 et
878 1407 983 1469 conseia
1000 1406 1049 1459 fati

447 1484 559 1548 Sidera3
577 1487 644 1551 tum,
663 1483 685 1535 si
705 1483 778 1550 quod
796 1500 849 1535 non
868 1499 955 1552 aequo
973 1482 1084 1537 foedere
1103 1484 1221 1538 amantis
1267 1508 1302 1550 52⁰

447 1560 537 1614 (lurae
554 1575 654 1612 numen
672 1558 755 1611 habet
773 1559 931 1628 iustumque
949 1563 1273 1628 11151110111115,[1111555111.1
1296 1568 1313 1630 ζ
1331 1553 1357 1650 ¹⁰²}

481 1636 544 1689 Nox
562 1638 629 1702 erat,
647 1639 677 1688 et
695 1634 830 1704 placidum
849 1634 998 1712 carpepant
1016 1635 1088 1690 fessa
1106 1652 1232 1705 soporem
1268 1658 1271 1663 ·
1296 1657 1299 1662 ·

447 1711 567 1781 Corpora
584 1728 634 1780 per
651 1714 747 1779 terras,
767 1710 905 1781 silvaeque
925 1715 955 1765 et
973 1728 1053 1765 saeva
1072 1712 1199 1782 quiegant

447 1791 584 1857 Aequora,
603 1804 666 1841 oum
683 1787 775 1841 medio
794 1787 940 1840 volvuntur
960 1787 1052 1842 sidem
1069 1789 1154 1856 lapsu,

447 1864 516 1919 (lum
528 1866 604 1918 tacet
615 1863 702 1916 omnis
714 1880 787 1932 ager,
800 1863 920 1933 pecudes
932 1864 1079 1933 pictaeque
1091 1864 1221 1932 volucres,
1265 1879 1303 1919 515
1345 1908 1348 1913 .

447 1940 578 2008 Quaeque
595 1940 669 1993 lacus
686 1939 743 1993 late
759 1940 886 2008 liquidos,
906 1957 1031 2009 quaeque
1049 1957 1146 2009 aspera
1164 1940 1255 1995 dmnis

448 2015 524 2070 Rura
540 2018 642 2082 tenent,
661 2032 755 2069 somno
772 2016 878 2084 positae
897 2015 947 2069 sub
966 2019 1048 2070 nocte
1069 2017 1159 2071 silenti

420 2072 595 2220 ffinibant
612 2108 698 2158 curas,
717 2095 746 2145 et
764 2091 847 2145 corda
865 2091 950 2146 oblita
968 2090 1111 2161 laborum}

475 2171 489 2221 t
504 2183 559 2220 non
576 2165 669 2220 infelix
686 2168 770 2220 animi
789 2166 943 2233 Phoenissa,
963 2184 1013 2221 nec
1032 2184 1162 2235 umquam

447 2242 567 2297 Solvitur
583 2242 612 2295 in
629 2258 744 2309 somnos,
763 2242 881 2296 oculisve
900 2244 948 2295 5115
966 2246 1077 2311 pectore
1095 2246 1204 2297 noctem
1264 2260 1303 2301 515

447 2319 571 2386 Accipit:
590 2318 759 2386 ingeminant
776 2335 866 2386 cinae,
883 2335 1033 2387 rursusque
1051 2336 1197 2388 resurgens

446 2395 540 2449 Saevit
558 2412 640 2462 amor,
659 2410 812 2463 magnoque
829 2394 932 2448 irarum
951 2394 1065 2449 fluctuat
1082 2398 1167 2450 aestu

413 2472 491 2558 fsi⁰
508 2471 578 2525 adeo
595 2471 706 2537 insistit,
724 2487 870 2538 secumque
888 2470 928 2524 ite
946 2472 1028 2524 corde
1047 2471 1167 2527 volutat:

447 2548 496 2616 lin,
515 2546 583 2616 quid
599 2549 668 2615 agol
686 2564 815 2601 rursusne
833 2562 929 2615 procos
948 2547 1031 2601 inrisa
1049 2546 1155 2616 priores

446 2623 588 2693 Experiar,
606 2623 815 2691 Nomadumque
833 2625 926 2692 petam
946 2622 1079 2677 connubia
1098 2624 1221 2693 supplex,
1263 2638 1301 2680 535

447 2701 521 2765 Quos
539 2715 590 2766 ego
608 2699 659 2751 sim
676 2700 778 2752 totiens
794 2699 849 2753 iam
868 2698 1017 2767 dedignata
1035 2700 1164 2754 maritosl

448 2776 545 2829 Iliacas
562 2774 647 2842 igitur
664 2775 757 2828 classis
774 2778 858 2843 atque
876 2774 972 2848 ultima
990 2776 1123 2828 Teucrum

448 2851 528 2905 Iussa
545 2851 659 2919 sequarl
678 2850 777 2918 quiane
794 2850 895 2904 auxilio
912 2850 987 2903 iuvat
1005 2853 1069 2903 ante
1086 2850 1197 2918 levatos,
1299 2852 1304 2862 ’

447 2926 485 2981 Ε5
500 2926 572 2980 bene
590 2925 663 2994 apud
682 2942 816 2979 memores
834 2926 938 2979 veteris
957 2928 1013 2979 stat
1030 2925 1119 2992 gratia
1136 2925 1218 2980 factil

426 3012 428 3017 ’
448 3002 515 3068 Quis
527 3020 571 3056 me
583 3004 683 3066 autem,
695 3001 738 3054 fac
749 3001 827 3068 velle,
841 3003 921 3069 sinet,
933 3001 1073 3054 ratibusve
1087 3001 1212 3069 superbis
1263 3016 1300 3057 5111

448 3079 568 3133 Invisam
586 3078 715 3147 accipiet?
733 3080 821 3132 neseis
839 3078 900 3146 heu,
919 3076 1035 3147 perdita
1053 3077 1170 3132 necdum

472 3154 668 3209 comedenteae
685 3156 770 3209 sentis
787 3155 910 3225 periuria
927 3155 1035 3223 gentisl

435 3263 437 3268 s
494 3229 523 3283 'd
539 3232 618 3285 tuml
637 3231 694 3284 sola
711 3233 776 3299 suga
792 3235 891 3285 nautas
910 3231 1060 3285 comitabor
1077 3232 1201 3286 ovantisl

448 3309 495 3359 An
513 3305 599 3374 Tyriis
616 3308 744 3376 omnique
761 3324 843 3360 manu
861 3308 964 3375 stipata
981 3324 1103 3361 meorum

449 3382 563 3449 Inferar,
582 3385 618 3447 et,
636 3399 704 3452 quos
723 3382 833 3437 Sidonia
850 3384 896 3438 vix
913 3383 982 3437 urbe
1000 3384 1101 3450 revelli,
1264 3395 1307 3434 sss

449 3456 555 3511 Rursus
572 3474 651 3525 agam
668 3459 772 3528 pelago,
791 3462 821 3515 et
837 3460 932 3516 ventis
949 3459 1020 3515 dare
1035 3459 1105 3513 vela
1115 3455 1248 3510 inmensi

447 3534 516 3599 Quin
533 3550 649 3604 morere,
669 3538 702 3591 115
719 3536 824 3595 merita
840 3556 885 3610 es,
899 3538 1042 3610 lei-reque
1057 3536 1166 3589 averte
1183 3526 1332 3577 dotorem-

435 3606 475 3660 ΤΠ
491 3607 615 3667 aerinis
634 3615 730 3671 evicta
748 3618 833 3692 meis,
850 3623 892 3677 511
906 3619 1009 3693 prima
1025 3610 1189 3668 rosentem

422 3679 656 3804 flingen-mana,
669 3696 756 3752 malis
777 3715 897 3757 θῦθΐθῦ
914 3701 1019 3768 nsque
1039 3682 1157 3744 opinens
1164 3668 1273 3730 nasu.
