3467 4367
667 647 874 695 cnoscrcon
891 645 960 695 ms.
980 614 1028 695 iv.
1245 648 1276 694 co

458 724 506 782 sin
523 728 616 781 autem
633 727 670 780 ad
687 744 807 797 pugnam
825 725 1039 782 exierint-nam
1056 741 1139 794 saepe
1156 725 1264 780 duobus

423 801 545 870 Regibus
562 803 673 856 incessit
690 819 788 870 magno
806 803 943 858 discordia
960 807 1044 872 motu,

423 878 612 947 Continuoque
629 878 735 932 animos
752 878 823 947 volgi
840 884 870 934 et
887 880 1053 949 trepidantia
1070 880 1141 934 bello

422 953 515 1009 Corda
531 955 597 1009 licet
614 956 694 1023 longe
711 956 907 1023 praesciscere3
924 973 1042 1025 namque
1059 957 1190 1009 morantis
1253 968 1278 1009 7⁰

422 1029 541 1084 Martius
558 1030 604 1084 ille
622 1031 693 1085 aeris
710 1032 784 1086 rauci
802 1048 885 1085 canor
902 1033 1033 1101 increpat,
1051 1036 1080 1087 et
1098 1049 1150 1086 vox

423 1106 546 1161 Auditur
563 1107 665 1161 fructos
683 1109 787 1161 sonitus
805 1108 913 1161 imitate
930 1108 1073 1175 tubarum;

421 1179 492 1236 Tum
510 1182 635 1252 trepidae
653 1184 773 1237 interce
791 1187 897 1256 coeunt,
916 1185 1067 1254 pennisque
1085 1186 1235 1251 coruscant,

422 1259 586 1328 Spiculaque
604 1264 740 1315 exacuunt
756 1262 860 1328 rostris,
880 1263 1032 1330 aptantque
1049 1260 1173 1327 lacertos,

424 1336 460 1389 Et
477 1336 549 1389 circa
566 1352 659 1404 regem
677 1340 761 1404 atque
779 1338 838 1405 ipsa
856 1337 893 1391 ad
910 1337 1048 1407 praetoria
1065 1336 1168 1390 densae
1253 1349 1278 1390 ⁷⁵

422 1411 583 1480 Miscentur,
600 1413 761 1481 magnisque
779 1417 877 1467 vocant
895 1412 1058 1467 clamoribus
1076 1412 1191 1466 hostem.

422 1487 496 1555 Ilrgo
513 1487 562 1541 ubi
579 1503 628 1542 rer
644 1492 741 1543 nactae
759 1488 856 1543 sudum
874 1503 1040 1558 camposque
1057 1487 1184 1557 patentis,

422 1564 579 1633 Erumpunt
596 1565 697 1633 portis:
714 1566 885 1620 concurritur
902 1566 1014 1619 aethere
1030 1565 1058 1618 in
1075 1564 1146 1627 alto;

423 1640 470 1695 Fit
487 1641 606 1706 sonitus;
623 1658 752 1709 magnum
770 1642 873 1696 mixtae
890 1643 1078 1711 glomerantur
1093 1641 1122 1693 in
1140 1639 1242 1705 orbem,

423 1715 646 1785 Praecipitesque
664 1718 780 1783 cadunt;
795 1735 848 1772 non
866 1718 975 1772 densior
993 1734 1056 1772 aere
1073 1716 1186 1785 grando,
1254 1729 1279 1769 so

423 1792 483 1846 Nee
500 1792 537 1846 de
554 1809 683 1847 concussa
701 1798 808 1848 tantum
826 1795 896 1863 pluit
913 1795 975 1848 ilice
992 1794 1108 1863 glandis.
1163 1801 1167 1808 '

423 1868 482 1938 Ipsi
500 1868 673 1938 permedias
691 1871 763 1925 acies
780 1870 930 1941 insignibus
948 1872 998 1925 alis

424 1944 550 2013 Ingentis
567 1946 670 1999 animos
688 1950 804 2014 angusto
821 1948 850 2000 in
867 1951 980 2016 pectore
997 1949 1116 2015 versent,

424 2020 520 2091 Usque
536 2021 605 2076 adeo
624 2021 716 2075 obnixi
734 2040 788 2077 non
805 2023 912 2092 cedere,
930 2024 996 2077 dum
1013 2018 1107 2091 gravis
1121 2025 1171 2075 aut
1187 2021 1238 2075 hos
1284 2038 1286 2043 ’

424 2097 485 2152 Aut
502 2097 553 2152 hos¹
569 2116 650 2153 versa
666 2100 733 2167 fuga
750 2100 837 2154 victor
854 2100 921 2153 dare
939 2103 1019 2167 terga
1037 2097 1152 2166 subegit.
1257 2110 1281 2149 ss

424 2174 464 2228 Hi
482 2178 573 2235 motus
590 2175 743 2228 animorum
761 2178 844 2245 atque
862 2176 930 2228 haec
948 2175 1096 2228 certamina
1115 2176 1193 2226 tanta

425 2250 549 2304 Pulueris
567 2251 659 2319 exigui
675 2251 749 2305 iactu
766 2268 921 2319 compressa
939 2251 1088 2320 quiescunt.

460 2326 564 2380 Verum
581 2326 628 2379 ubi
647 2327 776 2381 ductores
794 2327 850 2380 acie
867 2328 1036 2381 revocaveris
1054 2325 1142 2393 ambo,

424 2402 554 2457 Deterior
570 2404 618 2471 qui
635 2403 717 2471 risus,
735 2420 807 2471 eum,
824 2420 859 2457 ne
878 2402 1008 2472 prodigus
1026 2402 1106 2469 obsit,

425 2478 504 2532 Dede
522 2480 596 2546 neci;
613 2480 709 2534 melior
727 2497 812 2533 vacua
829 2482 887 2534 sine
906 2483 1002 2547 regnet
1020 2480 1047 2533 in
1065 2479 1134 2532 aula
1261 2480 1284 2517 ⁹³

425 2555 509 2610 Alter
525 2555 579 2610 erit
596 2556 708 2610 maculis
727 2573 793 2610 auro
811 2556 999 2625 squalentibus
1017 2555 1132 2618 ardens;

424 2632 498 2686 Nam
515 2632 570 2685 duo
588 2636 652 2686 suut
669 2649 779 2700 genera,
796 2632 840 2685 hic
858 2632 960 2698 mehor,
978 2632 1091 2699 insignis
1109 2634 1138 2684 et
1155 2646 1211 2698 ore,

424 2709 463 2762 Et
480 2708 568 2761 rutilis
585 2708 675 2761 clarus
693 2708 820 2777 squamis,
837 2708 884 2761 ille
901 2707 1027 2761 horridus
1045 2708 1129 2761 alter⁴
1178 2772 1180 2777 ,

425 2783 539 2838 Desidia
556 2785 696 2853 latamque
713 2784 825 2837 trahens
842 2784 973 2851 inglorius
991 2784 1088 2837 alvum.

424 2860 467 2915 Ut
483 2860 562 2915 binae
579 2878 676 2927 regum
694 2860 785 2927 facies,
804 2861 845 2913 ita
862 2876 976 2928 corpora
995 2860 1089 2928 plebis.
1261 2871 1285 2911 ss
1321 2863 1347 2886 ”

425 2936 452 2989 N
453 2953 552 3005 amque
570 2937 638 2991 alise
656 2942 752 3005 turpes
769 2936 889 3003 horrent,
908 2952 959 2989 ceu
975 2935 1086 3003 pulvere
1104 2935 1140 2989 ab
1157 2936 1213 2990 alto

425 3013 495 3067 (lum
513 3014 588 3067 venit
606 3016 636 3066 et
653 3014 723 3066 sicco
741 3015 844 3066 terram
863 3012 937 3080 spuit
956 3028 1003 3065 ore
1022 3011 1109 3064 viator

425 3089 544 3154 Aridus3
562 3088 672 3164 elucent
689 3089 758 3143 aliae
776 3091 806 3141 et
823 3088 929 3155 fulgore
948 3090 1097 3155 coruscant,

427 3164 567 3218 Ardentes
585 3181 651 3218 auro
669 3169 699 3218 et
716 3156 826 3233 paribus
843 3163 895 3217 lita
912 3179 1025 3231 corpora
1043 3164 1141 3231 guttis.

427 3241 506 3295 Haec
522 3241 613 3309 potiqr
631 3240 753 3305 subolcs;
769 3240 832 3294 hinc
850 3240 919 3294 caeli
937 3243 1061 3307 tempore
1078 3242 1153 3292 certo
1245 3251 1282 3292 100

426 3316 523 3371 Dulcia
538 3317 621 3390 mella
637 3334 754 3387 premes,
772 3334 822 3371 nec
840 3321 948 3370 tantum
969 3315 1067 3379 dulcia,
1085 3318 1218 3383 quantum

407 3392 465 3446 nt
481 3392 585 3462 liquida
602 3399 632 3449 et
649 3394 749 3447 durum
767 3393 867 3447 Bacchi
886 3392 1024 3446 domitura
1041 3406 1174 3461 saporem.

463 3471 504 3521 At
521 3486 583 3522 cum
599 3471 705 3524 incerta
723 3470 817 3524 volant
835 3470 969 3542 caeloque
986 3468 1118 3524 examina
1126 3465 1251 3524 uuum,

424 3544 666 3616 Contemnuntque
683 3547 763 3605 favos
780 3552 813 3606 et
832 3549 939 3622 lrigidu
956 3553 1041 3605 tecta
1055 3539 1241 3609 tehump-ffihs

409 3615 554 3673 Instabilis
572 3624 683 3683 animos
701 3626 773 3686 ludo
794 3630 972 3704 prohibebis
988 3625 1082 3685 inam.
1304 3608 1353 3649 iffi

399 3688 463 3743 *⁵⁷⁶⁰
478 3709 601 3765 m³8⁷¹¹¹⁸
620 3706 787 3771 prohibere
808 3710 917 3769 labor:
934 3716 977 3769 tu
996 3704 1127 3776 regibus
1145 3694 1215 3747 iuss
1343 3704 1346 3707 ’
