3467 4367
424 598 470 645 loo
653 594 681 642 P.
699 593 853 643 VERGILI
870 593 1038 645 MARONIS

423 676 482 731 Nee
498 691 552 729 non
570 677 601 730 et
619 674 692 743 Tyrii
709 690 759 743 per
776 673 871 727 limina
888 674 962 729 laeta
978 675 1145 744 frequentes

424 752 588 819 Convenere,
606 751 674 804 toris
692 750 757 804 iussi
775 749 948 804 discumbere
966 751 1054 819 pictis.

424 827 560 881 Mirantur
578 826 651 880 dona
670 828 789 895 Aeneae,
807 825 943 879 mirantur
963 827 1054 882 Iulum

424 902 633 972 Flagrantisque
651 902 697 956 dei
714 903 805 957 voltus
824 901 1008 972 simulataque
1024 904 1118 972 verba,
1249 921 1285 965 no

424 979 582 1048 Pallamque
600 981 630 1031 et
647 979 751 1046 pictum
769 995 863 1033 croceo
881 979 1006 1034 velamen
1023 980 1150 1038 acantho,
1192 1035 1205 1054 ‚

424 1054 572 1123 Praecipue
590 1054 691 1121 infelix,
709 1056 783 1124 pesti
802 1055 902 1109 devota
919 1056 1037 1122 futurae,

423 1130 534 1199 Expleri
552 1133 672 1183 mentem
691 1132 788 1198 nequit
806 1131 980 1199 ardescitque
998 1130 1103 1185 tuendo

424 1206 579 1273 Phoenissa,
599 1210 628 1260 et
646 1208 751 1275 pariter
768 1224 853 1276 puero
873 1207 1006 1276 donisque
1023 1211 1158 1262 movetur.

424 1282 475 1337 Ille
492 1283 539 1336 ubi
557 1282 690 1351 conplexu
710 1285 820 1337 Aeneae
838 1284 963 1352 colloque
980 1283 1117 1352 pependit
1248 1301 1285 1341 πε

423 1358 459 1413 Et
476 1376 604 1427 magnum
622 1360 684 1413 falsi
702 1361 817 1429 inplevit
834 1360 968 1428 genitoris
985 1376 1115 1428 amorem,

424 1432 556 1503 Reginam
573 1438 651 1504 petit.
688 1437 766 1490 llaec
780 1436 875 1503 'oeulis
892 1436 959 1489 haee
978 1439 1090 1505 pectore
1108 1439 1171 1491 toto

424 1510 529 1565 Haeret
548 1515 576 1565 et
594 1511 734 1565 interdum
752 1512 856 1580 gremio
874 1512 955 1577 fovet,
973 1510 1058 1565 inscia
1076 1511 1160 1582 Dido,

423 1586 547 1641 Insideat
565 1592 684 1656 quantus
702 1588 817 1641 miserae
835 1587 911 1641 deus.
949 1589 989 1641 At
1006 1604 1112 1641 memor
1129 1589 1179 1643 ille

422 1661 520 1716 Matris
540 1662 681 1716 Acidaliae
698 1664 830 1731 paulatim
848 1663 958 1718 abolere
977 1664 1128 1732 Sychaeum
1249 1680 1285 1724 ra

423 1739 531 1808 Incipit,
550 1743 579 1793 et
597 1741 657 1810 vivp
675 1743 794 1808 temptat
812 1743 988 1808 praevertere
1005 1755 1098 1793 amore

423 1815 483 1867 Iam
501 1815 607 1883 pridem
627 1816 732 1869 resides
751 1817 854 1868 animos
873 1815 1042 1884 desuetaque
1060 1816 1153 1870 corda

458 1891 605 1960 Postquam
623 1892 712 1960 prima
730 1893 807 1960 quies
826 1892 920 1958 epulis,
939 1907 1105 1960 mensaeque
1123 1899 1260 1959 remotae,

423 1967 549 2021 Oratores
566 1984 679 2035 niagnos
697 1971 824 2021 statuunt
842 1971 871 2020 et
889 1968 951 2020 vina
969 1969 1104 2022 coronant.

423 2043 468 2096 Pit
480 2043 611 2111 strepitus
624 2044 712 2111 tectis,
725 2060 872 2111 vocemque
884 2060 934 2112 per
946 2043 1036 2112 ampla
1048 2043 1176 2099 volutant
1248 2059 1286 2101 ne

423 2120 516 2186 Atria3
537 2119 694 2189 dependent
712 2119 801 2187 lychni
820 2118 994 2187 laquearibus
1012 2119 1101 2173 aureis

422 2195 536 2265 Incensi,
555 2200 585 2250 ct
602 2200 709 2249 noctem
728 2196 842 2248 florumis
860 2196 962 2249 funalia
978 2196 1097 2250 vineunt.

422 2272 475 2326 llic
492 2275 586 2342 regina
603 2290 714 2341 gravem
732 2273 847 2339 gennnis
865 2289 987 2339 auroque
1005 2272 1131 2341 poposcit

422 2348 597 2417 Inplevitque
616 2366 692 2401 mero
711 2354 843 2416 pateram,
864 2365 945 2417 quam
965 2348 1049 2401 Belus
1067 2351 1097 2402 et
1114 2365 1215 2405 omnes

422 2427 447 2478 A
468 2424 535 2477 Belo
553 2424 637 2487 soliti;
659 2428 718 2476 tum
736 2425 809 2477 facta
827 2424 935 2478 silentia
953 2425 1045 2478 tectis:
1250 2441 1288 2482 rso

422 2501 554 2569 Iuppiter,
574 2499 727 2567 hospitibus
745 2517 807 2552 nam
825 2505 854 2554 to
873 2500 939 2554 dare
958 2500 1018 2554 iura
1035 2500 1197 2570 loquuntur,

422 2577 503 2630 llunc
520 2577 622 2629 laetum
641 2575 781 2643 Tyriisque
800 2576 874 2630 diem
894 2577 1027 2644 Troiaque
1044 2575 1180 2646 profectis

422 2652 488 2706 Esse
506 2652 579 2718 volis,
597 2655 758 2719 nostrosque
777 2653 857 2706 huius
875 2653 1031 2706 meminisse
1048 2652 1174 2707 minores

421 2728 505 2782 Adsit
522 2727 644 2781 lactitiae
663 2727 786 2781 Bacchus
805 2729 892 2796 dator,
911 2732 940 2782 et
957 2728 1028 2782 bona
1047 2729 1133 2795 Iuno;

420 2805 457 2859 Et
473 2822 528 2872 vos,
548 2822 571 2872 o,
590 2808 706 2873 coetum,
725 2805 805 2873 Tyrii,
824 2805 962 2859 celebrate
981 2807 1110 2859 faventes.
1249 2821 1288 2862 sao

420 2881 505 2949 Dixit,
523 2885 552 2935 et
570 2881 597 2934 in
616 2899 737 2936 mensam
756 2882 867 2935 laticum
886 2880 983 2935 libavit
999 2882 1138 2950 honorem,

421 2958 575 3027 Primaque,
594 2958 687 3026 libato,
706 2976 811 3012 summo
829 2963 910 3012 tonus
928 2958 1023 3025 attigit
1040 2974 1104 3023 ore;

420 3034 489 3088 Tum
508 3035 598 3088 Bitiae
617 3034 696 3089 dedit
714 3036 879 3103 increpitans
885 3055 892 3100 ;
909 3034 956 3087 illo
975 3034 1081 3101 inpiger
1098 3031 1194 3088 hausit

421 3111 598 3181 Spumantem
616 3117 747 3180 pateram,
767 3114 795 3164 ct
813 3111 894 3178 pleno
913 3127 942 3163 se
960 3109 1062 3177 proluit
1079 3124 1161 3177 auro;

420 3187 487 3242 Post
504 3189 550 3241 alii
568 3205 702 3257 proceros.
740 3187 851 3241 Cithara
869 3187 983 3240 crinitus
1002 3186 1083 3253 Iopas
1248 3197 1288 3240 rso

421 3265 553 3319 Personat
571 3269 674 3332 aurata,
693 3265 786 3317 docuit
804 3281 885 3332 quem
904 3278 1047 3315 maxumus
1066 3261 1155 3316 Atlas

421 3341 475 3395 llic
492 3342 564 3394 canit
583 3345 720 3394 errantem
738 3340 829 3392 lunam
847 3340 964 3407 solisque
981 3338 1103 3402 labores;

417 3417 498 3470 Unde
508 3417 649 3470 hominum
661 3433 750 3486 genus
762 3420 791 3470 et
803 3415 940 3485 pecudes,
955 3414 1029 3467 unde
1042 3413 1130 3466 imber
1143 3419 1175 3468 et
1185 3417 1281 3483 ignem
1352 3417 1358 3430 '

394 3491 555 3546 Areturrun
573 3494 748 3567 pluviasque
771 3494 890 3565 Hyadas
908 3492 1090 3560 genrinosspue
1102 3486 1244 3550 'imanes-3

379 3562 462 3623 Quid
482 3571 601 3627 tanturn
624 3573 748 3631 Oceano
769 3574 937 3647 properent
953 3583 986 3620 se
1003 3563 1137 3627 anguore
1153 3555 1232 3607 aab&
1269 3571 1314 3610 'iss

356 3632 503 3713 Hsbflmb
528 3651 580 3706 Vel
598 3671 684 3723 quae
703 3656 811 3713 tardis
833 3665 923 3705 mora
941 3636 1082 3698 noctibus
1099 3629 1210 3681 &mir
