3467 4367
674 650 750 697 AEN
753 648 862 698 EIDOS
877 648 947 698 LIB.
965 648 1032 698 XII.
1238 656 1284 707 327

428 731 608 798 Transadigit
626 734 716 783 costas
735 734 764 785 et
782 732 865 784 cratis
884 730 1003 799 pectoris
1022 746 1134 795 ensem„

429 809 538 863 Turnus
556 823 627 876 equo
645 807 783 860 deiectum
802 810 936 873 Amycum
954 807 1125 874 fratremque
1143 807 1263 873 Dionem,

429 886 601 953 congressus
618 883 711 952 pedes,
730 883 801 936 hunc
819 884 974 936 venientem
993 883 1105 950 cuspide
1123 884 1210 953 longa,
1248 900 1286 939 515

430 962 513 1015 Η11115
531 976 660 1013 mucrone
677 960 742 1012 ierit
760 975 897 1025 curruque
915 958 1020 1012 abscisa
1040 958 1156 1013 duorum

429 1036 579 1104 Suspendit
597 1036 694 1104 capita,
713 1038 743 1089 et
760 1035 881 1088 rorantia
900 1034 1030 1103 sanguino
1049 1039 1147 1104 portat.

430 1114 482 1168 Ille
501 1113 584 1165 Talon
603 1111 770 1181 Tanaimque
787 1110 847 1163 neci
864 1110 1020 1179 fortemque
1040 1112 1200 1182 Cethegum,

429 1182 490 1244 Tris
507 1204 561 1241 uno
578 1203 732 1255 congressu,
750 1190 779 1241 et
797 1189 931 1240 maestum
950 1188 1038 1241 mittit
1057 1186 1168 1257 Oniten,

428 1263 546 1319 Nomine
564 1262 724 1318 Echionium
742 1262 893 1331 matrisque
910 1255 995 1330 'genus
1015 1264 1142 1318 Peridiae
1152 1286 1159 1330 ;
1251 1281 1288 1321 515

429 1341 484 1396 Hic
501 1340 610 1393 fratres.
620 1338 700 1406 Lycia
718 1339 814 1391 missos
831 1341 861 1391 et
880 1339 1015 1405 Apollinis
1033 1339 1112 1406 agris,

429 1416 466 1470 Et
483 1407 608 1469 iuvenem
625 1430 737 1467 exosum
755 1414 920 1482 nequiquam
939 1414 1011 1467 bella
1031 1415 1185 1484 Menoeten,

429 1491 547 1558 Arcada,
565 1490 688 1559 piscosae
707 1490 750 1543 cui
769 1490 872 1543 circum
890 1489 1004 1543 flumina
1023 1491 1130 1545 Lernae

430 1570 485 1622 Ars
501 1568 593 1621 fuerat
610 1583 768 1635 pauperque
786 1567 891 1634 domus,
909 1582 960 1619 nec
977 1570 1043 1620 nota
1061 1571 1203 1634 potentum

429 1641 553 1710 Munera,
571 1642 760 1709 conductaque
776 1644 857 1710 pater
875 1641 974 1695 tellure
993 1642 1108 1696 screbat.
1251 1660 1288 1699 555

430 1719 474 1772 Ac
490 1719 564 1773 velut
581 1718 685 1771 inmissi
704 1717 820 1771 diversis
837 1716 962 1785 partibus
978 1718 1056 1786 ignes

431 1796 565 1849 Arentem
581 1795 609 1847 in
628 1794 722 1847 silvam
740 1797 769 1848 et
786 1793 905 1862 virgulta
923 1795 1045 1849 sonantia
1062 1795 1152 1852 lauro:

430 1872 490 1925 Aut
507 1871 555 1924 ubi
574 1871 691 1924 decursu
708 1871 860 1938 rapido'de
878 1872 1018 1925 montibus
1037 1873 1101 1925 ultis

430 1944 505 2001 Dant
523 1947 642 2001 sonitum
661 1948 780 2016 spumosi
798 1963 900 2013 amnes,
920 1948 995 2002 etin
1014 1965 1133 2016 aequora
1150 1952 1265 2003 currunt

429 2023 552 2093 Quisque
571 2039 649 2076 suum
666 2024 812 2091 populatus
830 2023 898 2076 iter:
916 2038 970 2075 non
989 2024 1100 2090 segnius
1118 2024 1198 2077 ambo
1251 2013 1287 2079 555

430 2101 539 2153 Aeneas
558 2099 719 2168 Turnusque
737 2101 822 2151 ruunt
840 2115 890 2167 per
907 2098 1026 2166 proelia;
1045 2114 1123 2165 nunc,
1141 2116 1213 2154 nunc

430 2174 560 2229 Fluctuat
577 2175 619 2228 ira
636 2174 725 2228 intus:
744 2178 910 2243 rumpuntur
927 2172 1018 2226 nescia
1036 2173 1106 2227 vinci

430 2251 560 2317 Pectora3
578 2267 649 2304 nunc
667 2250 735 2304 totis
752 2251 780 2303 in
798 2250 909 2302 volnera
926 2249 1030 2302 viribus
1048 2249 1111 2303 itur.

431 2326 591 2388 Murranum
608 2327 660 2394 hic,
679 2330 773 2379 atavos
792 2328 821 2378 et
838 2341 949 2378 avorum
969 2325 1082 2393 antiqua
1100 2329 1241 2381 sonantem

430 2402 555 2470 Nomina,
568 2419 617 2471 per
629 2417 764 2469 regesque
776 2403 867 2453 actum
878 2417 965 2469 genus
977 2417 1057 2454 omne
1070 2401 1189 2470 Latinos,
1250 2418 1286 2456 555

432 2479 613 2547 Praecipitem
632 2478 740 2546 scopulo
759 2480 843 2544 atquc
860 2477 979 2544 ingentis
998 2477 1110 2531 turbine
1128 2478 1186 2531 saxi

430 2555 551 2619 Excutit,
569 2553 741 2621 effunditque
759 2553 831 2617 solo;
848 2552 921 2606 hunc
939 2552 998 2605 lora
1016 2556 1045 2607 et
1063 2554 1126 2622 iuga
1144 2555 1240 2609 subter

432 2630 594 2683 Provolvere
612 2632 704 2695 rotae;
722 2629 817 2683 crebro
836 2645 919 2696 super
937 2628 1037 2695 ungula
1055 2630 1135 2697 pulsu

432 2704 521 2757 incita
538 2720 589 2756 nec
608 2704 710 2757 domini
728 2720 880 2757 memorum
898 2704 1037 2771 proculcat
1054 2722 1193 2773 equorum.
1262 2733 1263 2738 =

434 2779 484 2832 Ille
501 2779 592 2831 ruenti
613 2778 696 2845 Hyllo
713 2779 866 2846 animisque
883 2779 991 2830 inmane
1009 2778 1138 2833 frementi
1249 2796 1286 2835 555

432 2854 565 2920 Occurrit,
583 2854 725 2921 telumque
742 2857 837 2906 aurata
855 2852 892 2905 ad
908 2856 1033 2921 tempora
1050 2859 1175 2924 torquet:

433 2930 487 2982 Olli
504 2946 553 2998 per
571 2928 676 2996 galeam
694 2929 748 2981 fixo
767 2928 846 2981 stetit
863 2927 943 2981 hasta
962 2929 1080 2984 cerebro

433 3008 554 3060 Dextera
573 3022 623 3059 nec
640 3009 688 3058 tua
705 3008 741 3070 tc,
761 3003 874 3056 Graium
894 3003 1050 3074 fortissime,
1069 3008 1198 3076 Oretheu,

432 3084 540 3152 Eripuit
558 3084 664 3148 Turno;
682 3097 731 3134 nec
749 3079 778 3132 di
796 3083 893 3133 texere
913 3080 1077 3151 Cupencum,

433 3161 531 3213 Aenea
548 3159 680 3225 veniente,
700 3157 756 3223 sui;
775 3155 853 3209 dedit
873 3156 952 3209 obvia
969 3156 1042 3210 ferro
1251 3175 1288 3215 540

434 3234 556 3305 Pectora,
574 3253 624 3289 nec
642 3237 741 3289 misero
760 3234 841 3302 clipei
860 3249 937 3286 mora
955 3233 1060 3301 profuit
1077 3234 1158 3290 aerei.

433 3310 472 3363 Te
490 3328 598 3379 quoque
616 3313 766 3365 Laurentes
784 3311 921 3378 viderunt,
941 3309 1034 3376 Aeole,
1053 3313 1141 3381 campi

434 3387 572 3455 Oppetere
591 3390 619 3439 et
637 3388 692 3441 late
710 3393 812 3442 terram
830 3390 1006 3441 consternere
1025 3390 1115 3456 terg03

435 3462 550 3530 Occidis,
565 3462 689 3529 Argivae
708 3482 789 3532 quem
807 3482 860 3518 non
879 3467 994 3532 potuere
1014 3464 1163 3533 phalanges

435 3538 569 3606 Sternere,
587 3555 637 3592 nec
655 3539 758 3594 Priami
774 3558 928 3612 regnorum
945 3557 1060 3596 euersor
1085 3538 1234 3594 adiutas,
1277 3546 1322 3578 555

425 3613 483 3668 Hic
501 3615 551 3669 tibi
568 3616 669 3671 mortis
689 3622 773 3675 erant
790 3625 898 3692 metae,
918 3621 1025 3676 domus
1043 3618 1108 3671 salta
1125 3610 1183 3665 aun
1197 3604 1280 3663 xus,

414 3688 535 3756 Lyrnesi
550 3692 656 3750 domus
677 3697 747 3768 alta,
769 3700 832 3755 solo
851 3700 1014 3756 Laurente
1031 3686 1247 3762 sepxudmm-
