3467 4367
686 637 762 685 AEN
765 637 869 686 EIDOS
887 638 956 687 LlB.
976 639 1040 687 XII.
1239 646 1284 692 329

434 717 590 785 vestigavit
608 732 681 786 apae,
699 718 828 786 fumoque
844 718 959 787 inplevit
976 736 1082 784 amare;

435 794 504 847 Illae
521 794 596 847 intus
613 792 737 861 trepidae
754 811 846 847 rerum
863 811 914 864 per
931 812 1010 849 cerea
1028 799 1116 850 castra

427 871 607 937 Discurrunt,
625 871 785 942 magnisque
802 875 903 925 acuunt
921 871 1085 925 stridoribus
1101 874 1173 938 iras;
1250 888 1287 929 cte

435 947 563 1001 Volvitur
579 950 639 999 ater
657 946 725 1000 odor
743 947 841 1012 tectis;
859 951 919 1001 tum
936 966 1075 1002 murmure
1093 965 1172 1003 caeco

436 1023 517 1078 Intus
535 1039 601 1077 saxa
618 1027 732 1089 sonant;
750 1039 849 1076 vacuas
866 1024 889 1077 it
907 1026 998 1078 fumus
1016 1026 1051 1079 ad
1069 1042 1156 1079 auras.

470 1099 581 1154 Accidit
598 1099 665 1153 haec
683 1099 762 1153 fessis
781 1100 863 1153 etiam
882 1102 992 1154 fortuna
1011 1101 1121 1168 Latinis,

436 1176 512 1240 Quae
529 1178 617 1230 totam
634 1175 710 1229 luctu
727 1176 862 1229 concussit
881 1176 1004 1229 funditus
1022 1178 1124 1231 urbem.
1285 1218 1303 1228 a

435 1252 543 1319 Regina
559 1254 592 1305 ut
609 1251 690 1304 tectis
707 1252 861 1306 venientem
880 1252 1011 1321 prospicit
1029 1253 1142 1318 hostem,
1251 1268 1287 1307 aas

437 1328 540 1381 Incessi
556 1343 656 1393 muros,
674 1326 744 1395 ignis
762 1328 797 1380 ad
815 1330 890 1381 tecta
908 1328 1005 1394 volare,

436 1403 578 1471 Nusquam
595 1404 668 1456 acies
685 1407 780 1456 contra
799 1403 922 1471 Rutulas,
941 1404 1015 1457 nulla
1032 1405 1140 1471 agmina
1158 1405 1260 1460 Turni:

436 1479 536 1533 Infelix
553 1494 661 1547 pugnae
678 1478 803 1531 iuvenem
821 1479 849 1530 in
869 1480 1017 1532 certamine
1035 1480 1123 1534 credit

435 1555 615 1620 Exstinctum
634 1557 670 1621 et,
688 1553 779 1606 subito
798 1558 917 1607 mentem
937 1555 1050 1608 turbata
1068 1555 1167 1625 dolore,

428 1631 471 1685 ,Se
488 1647 609 1685 caussam
627 1630 727 1683 clamat
743 1630 900 1698 crimenque
919 1635 1055 1700 caputque
1071 1633 1211 1699 malorum,
1250 1649 1286 1686 coo

437 1706 578 1775 Multaque
596 1723 646 1774 per
664 1710 799 1759 maestum
819 1705 932 1760 demens
952 1707 1032 1760 effata
1049 1708 1173 1776 furorem,

436 1781 590 1850 Purpureos
608 1782 740 1837 moritura
757 1799 840 1836 manu
859 1782 989 1836 discindit
1002 1785 1123 1852 amictus,

435 1858 472 1912 Et
488 1858 590 1912 nodum
607 1860 728 1913 informis
745 1859 794 1914 leti
812 1859 892 1913 trabe
910 1861 995 1913 nectit
1013 1859 1048 1913 ab
1066 1861 1127 1914 alta.

435 1936 523 2000 Quam
540 1935 645 1989 cladem
663 1936 779 1988 miserae
797 1940 941 2005 postquam
960 1954 1088 2004 accepere
1108 1937 1227 1999 Latinae,

435 2011 506 2065 Filia
522 2012 612 2079 prima
629 2029 711 2064 manu
729 2011 812 2065 flavos
831 2011 945 2064 Lavinia
965 2011 1045 2063 crinis
1250 2024 1286 2061 ces

435 2087 472 2142 Ilt
487 2103 579 2141 roseas
595 2087 697 2140 laniata
714 2103 805 2153 genas,
824 2090 883 2140 tum
903 2089 997 2139 cetera
1014 2086 1113 2139 circum

434 2162 525 2216 Turba
542 2163 627 2228 furit;
644 2165 773 2216 resonant
790 2162 846 2215 late
866 2161 1041 2229 plangoribus
1058 2160 1147 2214 aedes.

437 2238 508 2292 Hinc
525 2242 613 2292 tetam
630 2239 726 2291 infelix
744 2237 870 2304 volgatur
888 2237 961 2289 fama
978 2253 1028 2304 per
1045 2236 1148 2289 urbem.

434 2314 592 2369 Demittunt
609 2319 729 2380 mentes;
747 2313 770 2366 it
788 2312 872 2365 scissa
891 2315 967 2365 veste
986 2311 1105 2376 Latinus,

435 2389 564 2458 Coniugis
580 2391 714 2443 attonitus
730 2388 795 2442 fatis
814 2388 946 2456 urbisque
966 2387 1050 2453 ruina,
1249 2400 1287 2440 610

435 2466 569 2520 Canitiem
587 2465 715 2519 imnundo
733 2465 872 2534 perfusam
891 2463 1003 2532 pulvere
1021 2467 1134 2530 turpans

435 2542 590 2609 [Multaque
607 2558 637 2595 se
655 2542 768 2607 incusat,
788 2541 834 2607 qui
852 2557 906 2593 non
925 2538 1061 2607 acceperit
1078 2542 1142 2591 ante

438 2616 604 2669 Dardanium
623 2621 744 2684 Aenean,
762 2632 949 2684 generumque
972 2614 1118 2667 adsciverit
1135 2613 1227 2681 ultro}

470 2692 581 2743 Interea
598 2696 721 2745 extremo
738 2692 855 2745 bellator
874 2692 902 2743 in
923 2707 1041 2758 aequore
1061 2690 1166 2743 Tamus

436 2766 557 2819 Palantia
574 2767 698 2834 sequitur
715 2783 815 2835 paucos
833 2768 888 2820 iam
909 2767 1024 2833 segnior,
1044 2769 1127 2831 atque
1253 2777 1289 2817 crs

437 2843 495 2895 lam
513 2842 603 2894 minus
620 2846 704 2909 atque
721 2842 810 2895 minus
830 2858 955 2895 successu
968 2841 1056 2894 laetus
1074 2856 1211 2909 equorum

438 2918 540 2972 Attulit
557 2918 628 2972 hunc
645 2915 687 2969 illi
709 2918 796 2972 caecis
815 2916 968 2976 terroribus
990 2933 1056 2970 aura

435 2994 619 3048 Commixtum
636 2995 789 3062 clamorem,
808 2997 984 3061 arrectasque
1005 2992 1103 3061 inpulit
1121 2992 1193 3045 auris

435 3071 569 3125 Confusae
588 3088 670 3124 sonus
686 3070 764 3123 urbis
782 3074 811 3124 et
831 3069 989 3122 inlaetabile
1009 3084 1139 3121 murmur.

438 3147 491 3200 Hei
508 3148 591 3202 mihi!
611 3147 678 3217 quid
696 3150 774 3201 tanto
792 3146 939 3200 turbantur
961 3144 1068 3198 moenia
1085 3144 1181 3198 luctui
1255 3157 1290 3197 sao

435 3221 535 3285 Quisve
553 3224 609 3278 ruit
626 3228 721 3279 tantus
740 3223 847 3277 diversa
867 3222 969 3275 clamor
989 3220 1024 3274 ab
1043 3220 1129 3274 urbel

435 3297 480 3350 Sic
496 3298 544 3365 ait,
562 3300 745 3371 adductisque
764 3316 857 3354 amens
878 3297 1003 3351 subsistit
1022 3296 1141 3352 habenis.
1199 3363 1201 3367 Ι

438 3375 530 3441 Atque
547 3374 617 3443 huic,
634 3378 663 3429 in
683 3378 780 3431 faciem
798 3392 875 3429 soror
892 3377 924 3427 ut
943 3388 1073 3428 convorsa
1092 3371 1199 3427 Metisci

436 3450 560 3517 Aurigae
580 3467 747 3520 currumque
765 3456 794 3507 et
811 3468 896 3521 equos
914 3453 943 3503 et
960 3449 1017 3502 lora
1037 3448 1157 3515 regebat,

436 3525 546 3579 Talibus
565 3527 683 3580 occurrit
702 3527 799 3583 dictis:
817 3528 891 3599 Hac,
905 3526 1012 3591 Turne,
1028 3537 1184 3590 sequemur
1274 3528 1319 3561 W*

433 3601 604 3668 Troiugenas,
625 3621 682 3673 qua
700 3603 794 3674 prima
811 3605 891 3662 nam
905 3602 1034 3659 victoria.
1046 3596 1180 3679 paudptx

419 3674 495 3728 Sunt
511 3676 568 3745 alii,
587 3681 639 3749 qui
659 3685 740 3739 tecta
758 3700 852 3740 manu
872 3680 1043 3739 detentere
1056 3667 1191 3743 pessunt.
