3467 4367
446 610 476 656 90
678 607 709 657 P.
727 606 883 657 VERGILI
900 605 1067 656 MARONIS

446 686 584 751 Quaerere
601 690 749 753 constituit
768 688 903 756 sociisque
921 689 1018 742 exacta
1034 688 1140 742 referre

447 764 567 819 Classem
586 768 614 820 in
632 782 751 821 convexo
769 781 911 819 nemorum
930 765 981 818 sub
998 781 1067 833 rupe
1083 777 1184 819 cavata
1268 781 1302 821 aro

448 842 602 897 Arboribus
620 844 738 896 clausam
756 842 856 894 circum
875 843 960 908 atque
977 839 1157 894 horrentibus
1173 841 1283 896 umbris

448 917 568 984 Occulit3
586 920 645 987 ipse
662 936 717 971 uno
735 917 862 985 graditur
881 916 1030 970 comitatus
1049 916 1168 986 Achate,

449 993 520 1047 Bina
537 1011 618 1048 manu
636 994 692 1048 lato
710 995 831 1063 crispans
848 992 959 1046 hastilia
976 994 1057 1047 ferro.

449 1070 500 1125 Cui
517 1074 606 1125 mater
624 1072 715 1125 modia
733 1087 794 1124 sese
812 1070 879 1123 tulit
897 1069 984 1123 obvia·
995 1069 1069 1138 silva,

450 1146 571 1214 Virginis
588 1163 619 1200 os
636 1146 816 1216 habitumque
833 1162 934 1215 gerens
952 1149 981 1200 et
998 1145 1112 1212 virginis
1130 1161 1219 1215 arma,
1270 1163 1303 1202 su

449 1223 608 1291 Spartanae,
626 1224 669 1276 vel
687 1224 777 1292 qualis
796 1239 882 1291 equos
901 1222 1029 1277 Threissa
1046 1222 1147 1290 fatigat

451 1298 604 1367 Harpalyce
621 1301 815 1369 volucremque
832 1300 898 1367 fuga
916 1299 1103 1368 praevertitur
1121 1299 1261 1354 Hebrum.

451 1376 576 1444 Namque
587 1375 708 1429 humeris
721 1376 756 1429 de
768 1392 845 1429 more
857 1375 977 1429 habilem
991 1375 1174 1444 suspenderat
1186 1393 1280 1430 arcuum

451 1451 592 1520 Venatus,
611 1453 781 1521 dederatque
798 1469 904 1507 comam
923 1452 1076 1506 diffundere
1093 1453 1193 1516 ventis,

451 1528 534 1581 Nuda
550 1545 630 1596 genu,
649 1528 775 1596 nodoque
793 1530 868 1582 sinus
887 1529 1002 1583 collecta
1018 1527 1136 1582 fluentis.
1272 1545 1307 1584 aso

453 1605 495 1657 Ac
512 1605 594 1673 prior,
614 1606 698 1672 Heus,
718 1606 814 1673 inquit,
833 1606 952 1673 iuvenes,
971 1608 1131 1672 monstrate,
1150 1621 1276 1660 mearum

453 1680 569 1734 Vidistis
588 1682 610 1735 si
629 1699 711 1751 quam
730 1682 775 1735 hie
793 1687 931 1736 errantem
949 1683 1021 1737 forte
1039 1697 1173 1750 sororum,

452 1756 624 1811 succinctam
641 1759 774 1826 pharetra
792 1762 821 1812 et
839 1759 994 1812 maculosae
1011 1757 1135 1826 tegmine
1153 1758 1250 1828 lyncis,

454 1837 513 1886 Aut
531 1836 683 1902 spumantis
701 1835 760 1904 apri
778 1852 890 1889 cursum
908 1835 1028 1889 clamore
1045 1838 1229 1903 prementem.

488 1910 532 1963 Sic
552 1912 660 1977 Venus;
678 1915 708 1965 et
726 1911 845 1966 Veneris
864 1915 962 1965 contra
980 1912 1018 1965 sic
1035 1911 1223 1967 filius-orsus:
1276 1927 1311 1967 aas

454 1986 537 2039 Nulla
554 1990 663 2041 tuarum
682 1987 778 2042 audita
795 1988 861 2040 mihi
881 2004 971 2057 neque
988 1988 1047 2040 visa
1064 2003 1197 2053 sororum,

455 2063 597 2133 O-quam
610 2068 639 2117 te
650 2081 807 2134 memorem,
819 2065 916 2132 virgol
937 2081 1057 2134 namque
1068 2062 1144 2118 haud
1156 2063 1210 2117 tibi
1223 2065 1312 2119 voltus

455 2140 587 2208 Mortalis,
605 2158 655 2195 nec
674 2159 726 2195 vox
743 2141 882 2195 hominem
900 2145 995 2195 sonat:
1013 2158 1038 2209 o,
1056 2141 1109 2195 dea
1125 2145 1220 2209 certe;

455 2218 501 2271 Au
520 2217 624 2272 Phoebi
642 2220 738 2273 sororl
756 2235 791 2272 an
810 2218 1000 2287 Nympharum
1019 2217 1161 2286 sanguinis
1180 2219 1257 2275 nna'l

455 2293 498 2347 Sis
516 2295 590 2361 felix,
608 2298 788 2364 nostrumque
805 2295 887 2362 leros,
907 2311 1104 2363 quaecumque,
1122 2294 1258 2363 laborem,
1279 2309 1315 2350 ao

457 2371 500 2434 Et,
519 2388 574 2439 quo
591 2372 642 2425 sub
660 2372 735 2426 eaelo
752 2372 874 2439 tandem,
893 2372 994 2442 quibus
1012 2371 1088 2425 orbis
1105 2370 1132 2425 in
1151 2372 1209 2425 oris

457 2446 602 2513 laetemur,
621 2447 732 2501 doceas:
749 2448 836 2515 ignari
856 2448 1053 2516 hominumque
1070 2448 1253 2518 locorumque

457 2522 594 2582 Erramus,
612 2526 694 2575 rento
713 2523 765 2576 huc
783 2526 868 2577 vastia
886 2528 914 2579 et
933 2524 1062 2578 ductibus
1080 2523 1149 2579 acti:

457 2596 547 2650 Multa
564 2597 617 2650 tibi
634 2601 699 2651 ante
717 2616 779 2652 aras
796 2603 892 2654 nostra
910 2600 991 2655 cadet
1008 2600 1099 2654 hostia
1118 2600 1228 2656 dextra.

492 2674 560 2726 Tum
570 2674 676 2729 Venus:
691 2676 776 2729 Haud
784 2676 973 2746 equidomtali
981 2694 1026 2731 me
1035 2676 1135 2745 dignor
1142 2678 1266 2742 honore;
1282 2693 1317 2732 trs

458 2749 620 2817 Virginibus
639 2751 727 2820 Tyriis
745 2770 804 2805 mos
822 2759 865 2807 est
882 2757 993 2822 gesture
1011 2753 1178 2822 pharetram,
1254 2749 1257 2754 ’

459 2826 656 2896 Purpureoquc
673 2828 729 2882 ulte
748 2846 825 2882 suras
843 2828 947 2884 vincire
965 2830 1106 2884 cothurno.

459 2901 562 2956 Punica
579 2920 664 2972 regna
681 2904 767 2974 vides,
786 2906 880 2975 Tyrios
898 2910 927 2961 et
947 2907 1084 2976 Agenoris
1101 2906 1218 2973 urbem,

459 2979 515 3034 Sed
532 2979 600 3033 fines
618 2980 722 3049 hihyei,
741 3000 827 3051 genus
846 2982 1021 3037 intractabile
1040 2984 1117 3038 bello.

459 3055 605 3125 Inperium
623 3056 698 3111 Dido
717 3058 798 3129 Tyria
816 3059 890 3129 regit
907 3059 977 3113 urbe
995 3061 1123 3129 profecta,
1285 3075 1320 3116 ssu

460 3131 627 3187 Germanum
644 3133 761 3202 fugiens.
798 3137 894 3205 Longa
913 3139 956 3191 cst
973 3136 1079 3204 iniuria,
1097 3136 1196 3204 longae

461 3208 617 3276 Ambages3
635 3209 685 3263 sed
703 3228 809 3266 summa
827 3229 928 3281 sequar
945 3213 1056 3281 fastigia
1073 3228 1174 3267 rerum.
1199 3233 1213 3274 s,

460 3284 534 3339 Huic
552 3285 669 3339 coniunx
688 3288 824 3356 Sychaeus
843 3292 911 3355 erat,
931 3288 1083 3342 ditissimus
1101 3289 1161 3356 agri

461 3361 634 3431 Phoenicum,
652 3367 682 3417 et
699 3382 799 3433 magno
817 3367 935 3419 miserae
953 3364 1070 3419 dilectus
1089 3381 1190 3433 amore,

462 3438 513 3493 Cui
530 3442 610 3508 pater
627 3439 757 3494 intactum
776 3442 901 3510 dederat,
919 3441 1069 3510 primisque
1087 3440 1198 3508 iugarat
1288 3455 1321 3494 su

453 3513 603 3570 omnihus.
641 3516 699 3573 Sed
718 3536 807 3590 regna
824 3518 894 3590 'lyri
911 3533 1063 3589 germanus
1075 3515 1203 3601 habebat

431 3586 611 3664 Pygfflliou,
631 3596 744 3654 scelere
761 3601 834 3655 ante
853 3596 928 3655 alios
944 3591 1086 3651 iramamor
1104 3604 1205 3643 omma

416 3660 500 3724 θυαε
518 3667 605 3726 inter
624 3677 747 3735 medius
768 3675 855 3736 venit
877 3675 973 3731 furor.
1009 3668 1071 3725 ille
1086 3662 1253 3729 &imm
