3467 4367
706 620 913 670 GEORGICON
930 619 999 671 LIB.
1019 620 1041 671 1.
1270 617 1300 669 27

444 706 546 761 Elicit?
562 703 609 760 illa
625 706 727 759 cadens
744 718 854 756 raucum
871 718 922 770 per
939 701 1009 755 levia
1026 717 1149 755 murmur

443 782 516 837 Saxa
533 781 594 846 ciet,
614 781 800 847 scatebrisque
818 778 923 831 arentia
941 781 1079 846 temperat
1097 794 1168 831 arva
1265 790 1302 830 110

444 858 524 926 Quid,
543 858 597 925 qui,
614 873 650 911 ne
667 856 784 925 grandis
802 854 964 922 proeumbat
981 854 1085 907 culmus
1104 855 1201 919 aristis,

444 933 592 987 buxuriem
610 937 734 1001 segetum
752 934 848 984 tenera
867 929 990 998 depascit
1007 933 1035 986 in
1053 930 1145 996 herba,

444 1009 648 1077 cumprimum
666 1009 754 1062 sulcos
771 1009 892 1075 aequant
910 1010 989 1061 satal
1008 1009 1108 1077 quique
1125 1005 1231 1075 paludis

444 1085 594 1140 (tellectum
613 1085 754 1138 humorem
772 1082 864 1136 bibula
883 1082 994 1137 deducit
1012 1087 1102 1151 a'rena,

444 1159 610 1215 Praesertim
627 1161 738 1213 incertis
756 1160 780 1212 si
796 1157 934 1211 mensibus
951 1161 1038 1213 amnis
1055 1158 1195 1213 abimdans
1265 1171 1301 1210 115

443 1238 517 1304 Exit,
535 1239 566 1289 et
582 1235 701 1290 obducto
718 1236 774 1289 late
792 1238 871 1288 tenet
888 1236 977 1287 omnia
993 1236 1064 1303 limo,

443 1312 527 1367 Unde
544 1328 625 1366 cavae
643 1311 737 1381 tepido
755 1311 854 1365 sudant
872 1311 985 1365 humore
1002 1312 1132 1365 lacunaei

479 1390 505 1443 N
507 1406 538 1442 cc
544 1392 643 1456 tammq
649 1388 716 1443 haec
723 1406 784 1441 eum
791 1389 847 1440 sint
854 1385 1301 1456 hominumquebeumquelabores

444 1465 588 1519 Versando
606 1468 710 1519 terram
728 1464 841 1532 experti,
860 1463 925 1517 nihil
942 1464 1073 1531 inprobus
1091 1479 1170 1516 anser

444 1542 668 1609 Strymoniaeque
685 1557 767 1609 grues
785 1543 815 1594 et
832 1540 931 1593 amaris
948 1540 1035 1593 intiba
1052 1538 1128 1593 fibris
1266 1551 1303 1591 lac

444 1618 572 1671 Officiunt
589 1620 638 1670 aut
655 1616 752 1670 umbra
769 1619 856 1669 nocet.
894 1616 978 1669 Pater
995 1618 1053 1685 ipse
1071 1616 1177 1671 colendi

443 1692 530 1747 Haud
546 1693 651 1747 facilem
670 1710 729 1747 esse
748 1693 817 1746 viam
835 1693 927 1761 voluit,
945 1694 1102 1763 primusque
1120 1709 1170 1759 per
1188 1693 1276 1744 artem

443 1769 532 1824 Movit
549 1786 636 1838 agros,
654 1770 725 1823 emis
743 1785 841 1823 acuens
859 1770 987 1823 mortalia
1004 1770 1094 1837 corda,

443 1846 469 1899 N
472 1862 503 1899 ec
519 1850 630 1913 torpere
648 1846 725 1913 gravi
742 1861 838 1913 passus
857 1862 905 1899 sua
924 1862 1008 1914 regna
1026 1848 1146 1899 veterno.

403 1922 407 1927 ’
444 1924 521 1977 Ante
540 1922 633 1976 lovem
652 1922 718 1975 nulli
735 1921 899 1990 subigebant
915 1939 980 1978 arva
998 1922 1103 1987 coloni;
1267 1932 1304 1971 125

443 1997 470 2051 N
472 2015 488 2051 c
506 1999 613 2066 signare
632 1998 742 2067 quidem
760 2001 808 2051 aut
826 2000 922 2066 partiri
941 2000 1027 2053 limite
1045 2014 1169 2068 campum

443 2074 499 2127 Fas
517 2077 591 2128 erat:
605 2074 637 2135 ,in
654 2074 775 2127 medium
793 2074 972 2144 quaerebant,
989 2076 1103 2144 ipsaque
1120 2073 1202 2128 tellus
1251 2096 1253 2101 ·

444 2150 543 2204 Omnia
560 2149 679 2217 liberius,
696 2149 771 2203 nullo
789 2155 925 2219 poscente,
944 2151 1057 2206 ferebat.

444 2226 497 2279 Ille
515 2226 615 2279 malum
633 2225 708 2279 virus
725 2226 899 2294 serpentibus
918 2227 1026 2281 addidit
1043 2228 1117 2292 atris,

444 2301 632 2371 Praedarique
650 2302 727 2371 lupos
744 2302 831 2370 iussit,
849 2306 1019 2371 pontumque
1036 2301 1147 2368 moveri,
1267 2313 1304 2352 1ao

443 2378 583 2447 Mellaque
601 2379 721 2433 decussit
738 2379 817 2444 foliis,
835 2379 981 2447 ignemque
999 2378 1123 2445 removit,

443 2454 482 2507 Et
499 2455 599 2522 passim
617 2454 682 2508 rivis
699 2455 837 2508 currentia
854 2455 916 2508 vina
933 2456 1072 2523 repressit,

443 2530 486 2584 Ut
503 2530 591 2585 varias
608 2547 673 2585 usus
690 2531 849 2584 meditando
868 2531 1035 2585 extunderet
1052 2530 1119 2585 artis

443 2606 589 2674 Paulatim,
608 2610 638 2664 et
655 2607 736 2676 sulcis
754 2607 884 2661 frumeuti
903 2611 1049 2676 quaereret
1068 2606 1190 2673 herbam,

442 2682 486 2737 Ut
503 2681 584 2736 silicis
602 2684 678 2737 venis
696 2684 850 2737 abstrusum
870 2683 1020 2737 excuderet
1037 2684 1135 2751 ignem.
1268 2700 1305 2740 us

443 2760 519 2813 'lime
536 2759 611 2814 alnos
628 2761 745 2828 primum
764 2761 838 2813 fluvii
857 2777 966 2814 sensere
984 2764 1110 2825 cavatas3

442 2836 546 2889 Navita
562 2841 623 2890 tum
641 2835 729 2890 stellis
747 2854 875 2890 numeros
894 2839 923 2889 et
941 2838 1050 2891 nomina
1067 2836 1140 2903 fecit,

443 2911 578 2978 Pleiadas,
599 2912 719 2981 Hyadas,
738 2913 894 2981 claramque
914 2913 1044 2981 Lycaonis
1063 2913 1188 2977 Arcten;

442 2986 513 3042 Tum
530 2987 634 3057 laqueis
653 2992 764 3059 captare
783 2989 864 3056 feras,
883 2993 913 3043 et
931 2990 1025 3044 fallere
1043 2990 1116 3043 visco

443 3065 599 3133 Inventum,
618 3068 648 3119 et
665 3082 779 3133 magnos
798 3066 912 3120 canibus
930 3065 1099 3120 circumdare
1117 3065 1209 3119 saltus.
1270 3078 1305 3117 111

443 3144 540 3209 Atque
557 3141 625 3195 alius
644 3141 730 3196 latum
749 3143 835 3197 funda
851 3144 905 3197 iam
925 3142 1053 3197 verberat
1070 3158 1185 3208 amnem,

443 3217 512 3270 Alta
529 3222 635 3286 petens,
654 3218 806 3288 pelagoque
824 3219 893 3273 alius
911 3220 998 3273 trahit
1016 3219 1130 3272 humida
1147 3218 1208 3271 lina.

397 3299 399 3302 '
445 3291 512 3346 lum
530 3293 596 3347 ferri
613 3296 688 3363 rigor
706 3299 790 3365 atque
808 3301 923 3365 argutae
941 3296 1042 3350 lamina
1060 3312 1196 3362 serrae,—
1355 3292 1371 3328 ⁸

445 3370 516 3423 Nam
533 3372 615 3442 primi
632 3373 723 3427 cuneis
743 3373 1005 3428 scindebantfissile
1023 3374 1160 3441 lignum-

447 3446 513 3502 l'um
531 3450 622 3503 variae
639 3466 739 3505 venere
757 3454 839 3507 artes.
878 3450 972 3507 Labor
992 3451 1089 3507 omma
1103 3449 1176 3504 uidit
1294 3450 1336 3487 We

438 3524 576 3609 Inprobus
593 3530 623 3580 et
641 3527 718 3583 duris
737 3548 864 3601 urguens
883 3534 913 3590 in
932 3532 1025 3589 rebus
1046 3532 1176 3603 egestas.

425 3597 520 3650 Parma
541 3600 627 3656 Ceres
645 3606 725 3663 ferro
744 3613 883 3671 mortalis
901 3617 1028 3673 vertere
1047 3615 1169 3667 terram

415 3667 553 3743 Ῑωῧῐῧῑῑῐῧ,
572 3692 638 3736 vum
655 3682 718 3742 iam
736 3689 874 3759 glandes
895 3699 994 3768 atque
1016 3691 1138 3748 arbuta
1153 3686 1267 3737 summ
