3467 4367
643 898 674 946 P.
692 896 847 946 VERGILI
864 895 995 945 MARON
998 894 1033 945 IS

603 1060 1079 1137 AENEIDOS

666 1228 801 1304 ‘urana
819 1248 1003 1304 oonavus.

789 1409 892 1441 -φ-

414 1543 458 1600 Ur
474 1545 541 1600 belli
559 1545 666 1615 signum
685 1546 818 1601 Laurenti
837 1548 944 1600 Turnus
961 1543 997 1598 ab
1014 1560 1078 1599 arce

417 1622 528 1690 Extulit,
546 1625 576 1676 et
592 1639 674 1676 rauco
693 1627 871 1692 strepuerunt
889 1637 990 1676 cornua
1007 1624 1098 1687 cantu,

415 1699 508 1767 thue
525 1698 596 1752 acris
613 1699 748 1753 concussit
766 1715 858 1767 equos,
875 1701 962 1767 utque
980 1698 1080 1766 inpulit
1097 1713 1183 1765 arma,

413 1774 558 1843 Extemplo
575 1775 681 1829 turbati
699 1775 789 1843 animi,
807 1775 888 1829 simul
906 1791 986 1829 omne
1004 1773 1126 1827 tumultu
1171 1787 1191 1824 s

413 1850 545 1904 Coniurat
563 1851 672 1920 trepido
690 1851 808 1919 Latium,
826 1852 969 1920 saevitque
985 1850 1112 1904 iuventus
1253 1868 1266 1907 s

413 1926 510 1979 Effera.
548 1927 683 1980 Ductores
701 1929 783 1995 primi
800 1928 945 1994 Messapus
962 1930 992 1980 et
1009 1925 1096 1979 Ufens

413 2001 647 2070 Contemptorque
665 2002 747 2055 deum
766 2003 920 2056 Mezentius
937 1999 1059 2068 undique
1076 2002 1178 2067 cogunt

414 2077 532 2143 Auxilia,
550 2080 579 2129 et
597 2076 667 2129 latos
685 2080 794 2129 vastant
811 2076 963 2130 cultoribus
981 2091 1070 2142 agros.

413 2152 538 2205 Mitt'tur
556 2156 585 2205 ct
602 2152 693 2219 magni
712 2151 835 2205 Venulus
853 2150 995 2204 Diomedis
1013 2149 1049 2203 ad
1066 2151 1171 2219 urbem,

413 2227 464 2291 Qui
483 2230 562 2295 petat
581 2227 720 2293 auxilium,
737 2230 774 2292 et,
794 2227 873 2280 Latio
890 2226 1039 2280 consistere
1057 2226 1182 2294 Teucros,
1241 2241 1265 2280 ro

415 2303 569 2355 Advectum
588 2303 701 2355 Aenean
718 2302 797 2355 classi
814 2302 955 2370 victosque
974 2302 1086 2355 Penatis

414 2379 519 2431 inferre
537 2381 566 2431 et
583 2378 648 2431 fatis
665 2394 759 2445 regem
777 2394 808 2431 se
826 2377 917 2431 dicere
934 2378 1018 2447 posci,

413 2454 540 2520 Edoceat,
558 2453 714 2521 multasque
732 2454 790 2507 viro
808 2470 837 2508 se
854 2454 1004 2521 adiungere
1021 2453 1113 2522 gentis

412 2530 557 2596 Dardanio,
576 2532 606 2583 et
623 2529 678 2583 late
697 2528 777 2583 Latio
794 2529 981 2584 increbescere
997 2546 1105 2584 nomen.

412 2606 484 2671 Quid
496 2609 585 2659 struat
596 2604 639 2658 his
650 2604 762 2672 coeptis,
775 2622 864 2674 quem,
878 2606 900 2658 si
914 2606 1036 2660 Fortuna
1048 2609 1188 2674 sequatur,
1238 2621 1263 2662 15

412 2684 547 2736 Eventum
565 2698 673 2750 pugnae
690 2682 791 2750 cupiat,
809 2683 979 2735 manifestius
997 2683 1056 2751 ipsi,

412 2760 499 2824 Quam
518 2758 608 2810 Turno
626 2756 694 2826 regi,
711 2761 760 2811 aut
777 2758 836 2825 regi
854 2758 988 2826 adparere
1006 2757 1112 2813 Latino.

446 2835 521 2887 Talia
538 2851 588 2902 per
605 2834 723 2908 Latium.
760 2835 836 2899 Quae
855 2834 1068 2887 Laomedontius
1085 2833 1167 2887 heros

411 2910 516 2965 (iuncta
533 2911 629 2964 videns
647 2926 745 2978 magno
762 2925 889 2963 curarum
907 2909 1021 2963 fluctuat
1038 2912 1132 2975 aestu;

411 2989 508 3056 Atque
521 2987 641 3040 animum
653 3002 724 3040 nunc
734 2986 788 3039 huc
799 2985 924 3052 celerem,
936 3002 1008 3039 nunc
1020 2984 1119 3039 dividit
1130 2984 1202 3053 illuc,
1237 2999 1264 3039 so

412 3064 445 3116 In
463 3064 605 3131 partisque
622 3062 697 3131 rapit
713 3064 801 3115 varias
819 3078 923 3130 perque
942 3062 1032 3115 omnia
1049 3064 1154 3116 versat:

411 3139 489 3193 Sicut
505 3155 593 3206 aquae
611 3138 760 3192 tremulum
777 3138 861 3192 labris
879 3138 927 3191 ubi
943 3137 1035 3191 lumen
1053 3137 1129 3191 aenis

411 3216 474 3269 Sole
492 3230 682 3283 repercussum
700 3218 748 3268 aut
764 3214 898 3268 radiantis
915 3213 1034 3281 imagine
1053 3213 1148 3267 Lunae

411 3290 511 3342 Omnia
527 3290 674 3357 pervolitat
690 3289 746 3343 late
763 3289 829 3356 loca,
846 3290 956 3358 iamque
974 3289 1025 3343 sub
1042 3304 1123 3343 auras

411 3365 535 3432 Erigitur
552 3365 705 3432 summique
721 3365 787 3419 ferit
804 3366 944 3435 laquearia
961 3367 1035 3420 tecti.
1237 3380 1269 3415 aa

411 3443 437 3495 N
439 3459 475 3495 ox
493 3443 560 3507 erat,
578 3444 608 3494 et
625 3444 715 3495 terras
732 3442 862 3497 animalia
877 3444 956 3498 lessa
968 3459 1021 3510 per
1042 3440 1137 3494 omnus

402 3518 531 3569 Alituum
548 3516 751 3590 pecudumque
767 3538 861 3591 genus
880 3538 968 3592 sopor
987 3519 1069 3573 altus
1077 3505 1239 3565 nauseas·

394 3591 465 3644 Cum
480 3596 570 3656 Pale?
587 3595 615 3649 in
636 3598 703 3668 ripa
722 3599 880 3671 gelidique
900 3600 958 3655 sub
978 3589 1119 3650 accuens
1135 3593 1197 3631 W
