3467 4367
490 592 521 635 oo
727 560 931 638 cuoumcou
955 590 1023 639 aro.
1048 590 1102 638 111.

491 667 601 736 Vipera,
620 670 650 721 ct
667 667 777 722 attoniti
796 669 917 736 squamis
935 668 1111 723 adstantibus
1128 670 1216 738 hydri.
1310 688 1350 729 oa

490 745 563 814 Ipsis
581 747 624 798 est
641 761 689 798 aer
706 745 803 799 aribus
822 761 876 799 noa
894 762 1006 815 aequus,
1025 750 1055 810 et
1072 745 1135 801 illae

490 820 658 891 Praecipites
675 821 732 875 alta
749 821 834 875 vitam
852 821 904 875 sub
922 822 994 876 nubo
1013 823 1179 892 relinquunt.

490 900 638 954 Praeterea
655 900 708 952 iam
728 914 778 952 nec
796 900 896 952 mutari
915 899 1017 967 pabula
1035 900 1126 967 refert,

489 976 690 1043 Quaesitacque
708 978 807 1029 nocent
824 980 914 1041 artes3
936 992 1043 1030 cessem
1061 978 1192 1046 magistri,

489 1051 652 1120 Phillyrides
671 1050 773 1103 Chiron
793 1052 1047 1121 Amythaoniusque
1065 1053 1226 1123 Melampus.
1311 1074 1350 1113 aaa

488 1129 588 1197 Saevit,
606 1133 635 1183 et
653 1128 680 1181 in
699 1128 787 1181 lucem
806 1128 907 1198 Stygiis
925 1130 1024 1184 errussa
1042 1130 1164 1184 tenebris

489 1206 595 1261 Pallida
614 1205 759 1273 Tisiphone
778 1205 890 1260 Morbos
909 1207 1050 1274 agitante
1068 1206 1239 1275 Metumque,

489 1283 578 1353 Inque
596 1283 655 1336 dies
673 1282 783 1336 avidum
803 1299 918 1350 surgens
937 1286 1020 1351 caput
1038 1281 1120 1337 altius
1138 1282 1224 1338 elicrt.

488 1359 587 1414 Balatu
605 1376 734 1429 pecorum
752 1363 781 1413 et
798 1360 903 1413 crebris
921 1358 1072 1427 mugitibus
1089 1375 1183 1413 ornnes

490 1438 662 1506 Arentesque
680 1439 777 1490 sonant
795 1436 871 1505 ripae
890 1436 1028 1504 collesque
1047 1435 1143 1503 supini.
1309 1454 1347 1493 555

488 1513 604 1582 Iamque
621 1513 781 1567 catervatim
800 1513 849 1566 dat
867 1516 987 1579 stragem
1006 1515 1090 1580 atque
1108 1514 1223 1581 aggerat
1240 1513 1308 1582 ipsis

489 1590 522 1643 In
541 1590 656 1643 stabulis
672 1589 746 1657 turpi
766 1589 872 1657 dilapsa
889 1588 1022 1642 cadavera
1040 1588 1112 1654 tabo,

488 1665 581 1719 Donec
599 1665 681 1718 humo
699 1671 795 1732 tegere
811 1682 842 1718 ae
859 1665 944 1717 foveis
962 1664 1129 1718 abscondere
1146 1666 1263 1722 discunt
1361 1673 1374 1690 ⁸

488 1742 560 1795 Nam
577 1759 667 1811 neque
686 1745 746 1796 erat
763 1744 844 1795 coriis
861 1758 936 1809 usus,
954 1758 1004 1795 nec
1023 1742 1127 1795 viscera
1146 1737 1292 1812 quisqffl

489 1819 548 1872 Aut
565 1819 645 1873 undis
664 1820 773 1873 abolere
791 1821 958 1887 potestant
976 1818 1085 1871 vincere
1103 1817 1226 1883 flamma;
1305 1835 1346 1876 aaa

488 1894 532 1948 Ne
549 1895 664 1949 tondere
682 1896 793 1963 quidem
811 1895 908 1948 morbo
927 1894 1084 1963 inluvieque
1103 1910 1202 1963 peresa

489 1970 599 2025 Vellera
617 1989 666 2025 uec
684 1972 753 2025 telas
771 1975 885 2040 possunt
903 1972 1041 2039 attingere
1059 1971 1163 2039 putris3

489 2046 592 2102 Verum
610 2050 700 2117 etiam,
719 2049 818 2102 invisos
836 2049 858 2101 si
877 2049 940 2116 quis
958 2051 1109 2115 temptarat
1126 2048 1251 2118 arrietes,

488 2125 627 2180 Ardentes
644 2127 758 2195 papulae
775 2130 859 2194 atque
877 2124 1024 2177 inmundus
1041 2123 1143 2177 olentia
1160 2125 1244 2179 sudor

488 2200 613 2256 Membra
630 2202 801 2271 sequebatur,
819 2218 868 2256 nec
887 2201 967 2268 longo
986 2199 1087 2253 deimlc
1104 2201 1222 2254 moranti
1305 2219 1346 2260 555

487 2277 620 2349 Tempore
636 2284 775 2334 contactos
793 2285 870 2334 ortas
888 2293 965 2330 sacer
982 2274 1054 2335 ignis
1071 2274 1179 2329 edebat.
