3467 4367
478 643 524 690 218
713 644 743 692 P.
761 642 915 693 VERGILI
932 643 1100 695 MARONIS

477 722 549 790 llrgo
566 723 621 777 iter
637 723 673 777 ad
691 741 784 791 regem
801 725 907 793 polluta
923 741 991 793 pace
1010 725 1137 785 Latinum

477 798 578 852 Indicit
594 800 689 867 primis
706 800 840 866 iuvenum,
859 804 889 853 et
906 801 983 855 iubet
1000 817 1076 854 arma
1092 800 1191 870 parari,

476 874 571 928 'lutari
590 876 706 941 Italiam,
724 875 875 929 detrudere
893 876 992 930 linibus
1009 877 1133 943 hostem

476 950 512 1004 Se
530 951 596 1003 satis
614 950 746 1021 ambobus
764 952 930 1020 Teucrisque
948 953 1040 1007 venire
1059 952 1224 1023 Latinisque.
1290 969 1329 1009 aro

392 1076 394 1080 .
476 1026 554 1079 Haec
570 1026 616 1079 ubi
635 1026 708 1080 dicta
726 1026 804 1079 dedit
822 1027 954 1096 divosque
971 1028 999 1081 in
1017 1032 1081 1082 vota
1098 1030 1212 1084 vocavit.

476 1101 610 1155 Certatim
628 1118 688 1155 sese
706 1102 802 1155 Rutuli
821 1103 1000 1157 exhortantur
1017 1104 1045 1157 in
1063 1120 1145 1159 arma

476 1177 556 1231 Hunc
575 1177 658 1231 decus
675 1178 814 1245 egregium
832 1179 936 1233 formae
953 1184 1048 1234 movet
1063 1183 1147 1249 atque
1163 1180 1298 1245 iuventae,

476 1252 558 1307 Hunc
575 1254 647 1307 atavi
665 1269 752 1321 reges,
769 1254 841 1308 hunc
858 1254 938 1308 claris
955 1255 1071 1309 dextera
1082 1256 1173 1310 lactis.

510 1329 582 1382 llum
600 1331 705 1383 Turnus
724 1330 839 1383 Rutulos
857 1332 953 1385 animis
970 1330 1119 1385 audacibus
1136 1330 1229 1399 inplet,
1290 1347 1328 1386 475

475 1405 584 1459 Allecto
600 1407 628 1459 in
647 1407 763 1460 Teucros
781 1406 882 1474 Stygiis
900 1423 930 1460 se
948 1407 1066 1461 concitat
1083 1407 1139 1461 alis.

476 1483 546 1535 Arte
563 1500 633 1535 nova
650 1482 788 1551 speculata
805 1483 901 1548 locum,
920 1500 974 1552 quo
991 1484 1071 1538 litore
1088 1483 1200 1551 pulcher

475 1556 586 1611 Insidiis
603 1575 738 1626 cursuque
755 1558 827 1612 feras
843 1558 968 1626 agitabat
986 1559 1070 1626 Iulus,

475 1632 529 1686 Hic
547 1633 665 1687 subitam
682 1634 793 1687 canibus
810 1634 915 1687 rabiem
934 1635 1045 1703 Cocytia
1061 1636 1138 1702 virgo

474 1707 575 1761 Obiicit
592 1712 621 1761 ct
638 1713 703 1762 noto
720 1710 793 1762 naris
810 1710 944 1777 contingit
961 1710 1051 1778 odore,
1286 1726 1326 1767 aso

475 1783 514 1836 Ut
531 1800 640 1837 cervum
657 1785 787 1849 ardentes
804 1789 931 1853 agerent;
950 1802 1020 1853 quae
1037 1787 1124 1855 prima
1140 1786 1264 1841 laborum

473 1858 574 1912 Caussa
591 1859 643 1912 fuit
660 1859 787 1928 belloque
805 1861 910 1915 animos
927 1862 1051 1915 accendit
1068 1863 1190 1930 agrestis

473 1933 575 1997 Cervus
593 1938 653 1988 erat
669 1935 757 1988 forma
774 1936 924 2004 praestanti
942 1940 971 1990 et
988 1936 1114 1991 cornibus
1130 1938 1235 2006 ingens,

472 2010 621 2079 Tyrrhidae
637 2011 716 2079 pueri
734 2027 816 2080 quem
834 2012 931 2065 matris
948 2011 983 2065 ab
1000 2011 1085 2067 ubere
1102 2017 1211 2082 raptum

472 2085 498 2140 N
500 2087 623 2142 utn'baut
640 2088 830 2157 Tyrrhenaque
846 2091 935 2155 pater,
953 2088 996 2141 cui
1014 2088 1090 2156 regia
1106 2092 1204 2157 parent
1263 2103 1324 2143 ’ase

472 2163 614 2231 Armenta,
633 2168 662 2219 et
678 2166 735 2219 late
752 2164 876 2219 custodia
893 2163 998 2218 credita
1016 2165 1113 2233 campi.

472 2239 627 2293 Adsuetum
644 2240 754 2309 inperiis
772 2256 848 2293 soror
865 2239 939 2292 omni
958 2239 1040 2293 Silvia
1057 2256 1121 2293 cura

472 2314 601 2369 Mollibus
619 2316 744 2370 intexens
762 2314 877 2368 ornabat
894 2331 996 2369 cornua
1013 2316 1101 2383 sertis,

473 2390 658 2459 Pectebatque
674 2391 769 2455 ferum,
786 2407 910 2458 puroque
927 2391 955 2443 in
972 2390 1048 2444 fonte
1065 2390 1180 2446 lavabat

472 2466 524 2520 Ille
541 2483 651 2519 manum
668 2466 775 2533 patiens
792 2482 955 2534 mensaeque
972 2466 1103 2520 adsuetus
1119 2466 1198 2521 herili
1284 2483 1323 2524 aso

427 2578 430 2583 ·
472 2540 589 2595 Errabat
606 2541 680 2594 silvis
697 2556 846 2608 rursusque
863 2541 901 2594 ad
918 2541 1011 2595 limina
1027 2546 1093 2595 nota

471 2616 535 2684 Ipse
553 2616 663 2669 domum
681 2632 743 2669 sera
760 2617 884 2684 quamvis
901 2633 931 2671 se
948 2621 1028 2672 nocte
1044 2617 1158 2674 ferebat

471 2691 552 2746 Hunc
569 2691 663 2761 procul
681 2695 818 2745 errantem
835 2692 1089 2750 rabidae.venantis
1107 2694 1160 2748 Iuli

471 2767 646 2822 Commovere
663 2784 751 2835 canes,
769 2767 851 2821 fluvio
870 2784 931 2821 cum
949 2769 1020 2823 forte
1039 2770 1157 2825 secundo

469 2842 617 2912 Deflueret,
634 2844 748 2912 ripaque
765 2847 857 2897 aestus
874 2844 1011 2899 viridante
1028 2845 1139 2900 levaret
1284 2863 1322 2901 sae

470 2920 534 2989 Ipse
552 2922 642 2985 etiam,
660 2920 774 2975 eximiae
791 2920 880 2973 laudis
898 2936 1042 2974 succensus
1059 2936 1158 2986 amore,

470 2997 603 3051 Ascanius
620 3014 702 3052 curvo
719 2997 821 3050 direxit
839 2996 942 3065 spicula
960 3012 1060 3062 cornu;

469 3071 495 3125 N
497 3088 528 3126 ec
546 3073 660 3127 dextrae
678 3073 781 3127 erranti
799 3072 866 3125 deus
884 3072 960 3139 anxit,
978 3075 1093 3141 actaque
1110 3073 1198 3127 multo

469 3147 578 3217 Perque
595 3153 703 3203 uterum
722 3149 812 3202 sonitu
828 3151 933 3217 'perque
950 3148 996 3201 ilia
1013 3149 1090 3203 venit
1106 3147 1217 3203 arundo.

468 3223 581 3277 Saucius
598 3228 628 3277 at
645 3224 802 3293 quadrupes
818 3227 885 3277 nota
901 3223 975 3277 intra
991 3228 1066 3278 tecta
1082 3224 1191 3292 refugit,
1282 3238 1320 3280 too

468 3298 658 3367 successitque
674 3315 788 3366 gemens
805 3298 927 3367 stabulis,
945 3303 1099 3369 questuque
1116 3301 1245 3354 cruentus
1377 3313 1381 3324 ⁴

469 3376 563 3443 Atque
580 3374 726 3443 inploranti
744 3373 840 3427 similis
857 3377 961 3428 tectum
979 3392 1058 3429 onrue
1075 3374 1207 3444 replebat

460 3449 548 3504 Sr'lria
561 3450 655 3520 prima
671 3466 756 3516 soror,
775 3449 872 3519 palmis
890 3467 1019 3520 percussa
1035 3451 1160 3517 lacertos,

445 3526 599 3583 Auxilium
621 3531 703 3585 vocat
722 3531 751 3585 et
771 3526 859 3583 duros
877 3526 1032 3583 conclamat
1048 3526 1174 3592 agrestas

433 3600 497 3669 Olli
513 3607 615 3675 pestis
634 3608 716 3666 enim
735 3608 836 3667 tacitis
854 3606 932 3663 latet
950 3616 1055 3673 aspere·
1069 3598 1157 3659 ibai&
1302 3606 1343 3643 W

417 3674 573 3746 IDProrisi
591 3690 721 3763 adsunt,
739 3690 795 3749 hic
814 3692 904 3747 torre
919 3683 1056 3742 armatus
1073 3672 1188 3728 obusta
