3467 4367
707 634 891 685 AENEIDOS
909 637 979 686 LIB.
998 636 1020 685 Ι.
1261 636 1292 686 83

436 711 490 765 His
510 729 623 767 accensa
640 729 723 782 super
740 715 853 769 iactatos
872 734 991 785 aequore
1009 719 1069 770 toto

435 788 527 858 Troas,
546 789 674 857 reliquias
693 790 817 844 Danaum
836 796 921 860 atque
939 794 1043 846 inmitis
1062 793 1173 862 Achilli,-
1267 802 1293 847 ³0

395 915 398 920 .
436 864 560 919 Aroebat
577 865 659 933 longe
674 866 765 934 Latio,
785 868 940 937 multosque
958 886 1009 938 per
1027 886 1111 923 annos
1174 863 1180 872 ’

435 940 580 1006 Errabant,
598 942 652 995 acti
671 942 742 1012 latis,
759 944 846 1007 marie
865 946 956 998 omnia
973 947 1081 999 circum.

434 1015 539 1070 Tantae
556 1018 634 1071 molis
653 1021 713 1072 erat
733 1019 885 1073 Romanam
905 1021 1022 1075 condere
1041 1025 1158 1089 gentem.

471 1093 525 1145 Vix
543 1110 559 1146 e
577 1099 724 1163 conspectu
743 1095 849 1149 Siculae
868 1096 975 1151 telluris
993 1098 1021 1150 in
1038 1098 1124 1151 altum

435 1170 507 1224 Vela
525 1169 629 1224 dabant
646 1170 719 1238 lacti,
739 1175 769 1225 et
787 1189 898 1240 spumas
917 1174 979 1227 salis
998 1190 1061 1227 aere
1079 1174 1203 1242 ruebant,
1267 1189 1292 1229 se

435 1246 505 1300 Cum
524 1246 601 1313 luno,
619 1251 763 1301 aetornum
783 1265 894 1302 servans
913 1249 964 1303 sub
981 1254 1093 1318 pectore
1111 1251 1214 1318 volnus,

435 1323 514 1376 Haec
532 1339 637 1378 secum:
657 1324 740 1377 Mene
757 1325 866 1394 incepto
888 1326 1020 1381 desistere
1039 1328 1146 1397 victam,

434 1398 495 1454 Nec
512 1416 592 1468 posse
612 1399 694 1454 Italia
713 1400 878 1454 Teucrorum
898 1405 1023 1456 avertere
1042 1406 1152 1470 regeml

435 1475 542 1544 Quippe
560 1480 638 1530 vetor
655 1477 727 1531 fatis.
767 1478 892 1532 Pallasne
912 1495 1026 1533 exurere
1045 1479 1157 1534 classem

435 1553 570 1621 Argivom
587 1556 671 1621 atque
689 1554 762 1622 ipsos
780 1555 870 1622 potuit
888 1554 1063 1623 submergere
1081 1560 1173 1623 ponto,
1266 1570 1290 1611 le

434 1630 523 1684 Unius
541 1629 576 1683 ob
594 1647 693 1684 noxam
712 1632 741 1682 et
759 1630 843 1683 furias
862 1631 956 1684 Aiacis
975 1631 1060 1686 Oileil

436 1706 508 1775 Ipsa,
528 1706 601 1761 loris
618 1707 747 1775 rapidum·
763 1707 879 1762 iaculata
897 1724 913 1761 e
931 1707 1047 1761 nubibus
1064 1709 1163 1777 ignem,

435 1782 604 1853 Disiecitque
622 1788 697 1837 rates
716 1785 872 1853 evertitque
890 1801 1009 1853 aequora
1026 1786 1121 1851 ventis,

434 1859 518 1914 Illum
536 1862 720 1930 exspirantem
738 1862 872 1914 transfixo
891 1864 1004 1930 pectore
1022 1860 1145 1915 flammas

434 1936 554 1991 Turbine
571 1938 702 2006 corripuit
719 1939 887 2007 scopuloque
904 1938 995 1991 infixit
1013 1941 1109 2004 ecut03
1264 1952 1289 1991 ss

434 2014 490 2068 Ast
509 2030 568 2083 ego,
586 2032 656 2083 quae
675 2014 766 2069 divom
784 2014 880 2069 incedo
899 2016 1000 2082 regina,
1020 2014 1147 2081 levisque

434 2091 472 2144 Et
490 2108 566 2144 soror
583 2094 613 2145 et
630 2092 758 2160 oonirmx,
770 2108 825 2145 una
843 2109 906 2144 eum
923 2093 1006 2159 gente
1025 2092 1069 2143 tot
1086 2106 1170 2143 annos

434 2167 514 2221 Bella
530 2186 604 2237 gero.
641 2168 678 2223 Et
696 2169 838 2236 quisquam
856 2184 958 2220 numen
978 2166 1089 2219 lunonis
1105 2166 1204 2220 adorat

434 2242 591 2312 Praeterea,
609 2249 658 2299 aut
676 2244 791 2313 supplex
809 2245 863 2297 mis
881 2242 987 2310 inponit
1005 2241 1150 2295 honoreml

470 2322 544 2375 Talia
561 2323 700 2376 flammato
719 2339 809 2376 secum
828 2321 881 2373 dea
899 2319 981 2373 corde
999 2319 1123 2373 volutans
1266 2332 1290 2372 to

434 2398 461 2451 N
463 2398 597 2453 imborum
613 2400 641 2451 in
659 2398 783 2467 patriam,
801 2396 860 2450 loca
877 2396 936 2450 feta
953 2395 1109 2450 furentibus
1125 2396 1234 2460 austris,

435 2475 560 2529 Aeoliam
577 2476 661 2529 venit.
698 2474 752 2528 Hic
770 2477 847 2527 vasto
865 2489 915 2526 rex
935 2472 1039 2526 Aeolus
1056 2476 1152 2526 antro

434 2551 578 2607 Luctantis
597 2555 694 2606 ventos
712 2553 947 2619 tempestatesque
966 2566 1075 2604 sonoras

434 2627 547 2696 Inperio
564 2628 666 2697 premit
683 2645 715 2683 ac
733 2627 827 2681 vinclis
846 2630 876 2680 et
893 2643 1001 2681 carcere
1019 2626 1115 2681 frenat.

434 2704 481 2758 Illi
497 2704 671 2773 indignantes
689 2721 788 2772 magno
806 2721 867 2758 cum
885 2719 1025 2756 murmure
1042 2702 1142 2756 montis
1265 2719 1289 2757 ss

433 2782 542 2836 Circum
560 2782 679 2837 claustra
696 2782 832 2846 fremunt3
849 2780 922 2835 celsa
940 2779 1019 2833 sedet
1038 2778 1141 2833 Aeolus
1159 2795 1220 2833 arce
1304 2841 1309 2849 ⁴

433 2858 549 2928 Sceptra
567 2863 673 2927 tenens,
690 2859 832 2927 mollitque
851 2857 955 2911 animos
973 2859 1003 2909 et
1020 2857 1157 2923 temperat
1173 2855 1242 2921 iras3

433 2935 472 2988 Ni
487 2935 579 3005 faciat,
596 2937 682 2990 maria
700 2952 732 2990 ac
749 2938 838 2989 terras
853 2933 1013 3001 caelumque
1031 2931 1197 3001 profundum

433 3013 543 3083 Quippe
561 3015 651 3068 lerant
670 3013 758 3082 rapidi
776 3028 867 3066 secum
886 3012 1051 3077 verrantque
1068 3025 1120 3077 per
1136 3024 1225 3063 curas.

433 3090 490 3144 Sed
507 3095 588 3160 pater
605 3092 777 3158 omnipotens
796 3088 929 3156 speluncis
947 3086 1055 3140 abdidit
1073 3085 1148 3152 atris,
1265 3099 1289 3137 eo

434 3167 498 3221 Hoc
514 3172 648 3234 metuens,
666 3167 820 3234 molemque
838 3168 867 3218 et
885 3164 987 3218 montis
1005 3164 1116 3231 insuper
1133 3161 1203 3215 altos

433 3243 569 3313 Inposuit,
587 3260 736 3313 regemque
754 3243 841 3311 dedit,
859 3242 906 3310 qui
923 3240 1034 3294 loedere
1052 3242 1127 3292 certo

433 3318 472 3375 Et
489 3338 615 3390 premere
634 3324 664 3375 ot
680 3322 757 3375 laxas
776 3321 857 3375 sciret
876 3319 943 3372 dare
960 3318 1049 3370 iussus
1066 3314 1191 3368 habenas.

434 3398 484 3452 Ad
501 3416 583 3467 quem
600 3403 660 3453 tum
679 3399 748 3452 Iuno
767 3397 882 3466 supplex
899 3395 942 3448 his
959 3392 1069 3447 vocibus
1085 3407 1137 3444 usa
1153 3393 1213 3443 est:

472 3477 564 3544 Aeolo,
572 3494 692 3545 namque
700 3475 749 3530 tibi
758 3474 852 3529 divom
863 3476 948 3545 pater
960 3467 1268 3541 atquebommumren
1286 3471 1318 3506 se

423 3552 464 3602 Et
477 3552 600 3606 mulcere
619 3553 700 3608 dedit
718 3554 822 3609 fluctus
843 3557 877 3609 et
893 3553 1002 3610 tollere
1021 3550 1123 3613 rento,

414 3624 490 3677 Gens
504 3626 620 3683 inimica
637 3631 710 3686 mibi
729 3632 921 3702 Tyrrhenum
941 3631 1071 3699 nauigat
1090 3631 1220 3689 wilm*

399 3695 484 3749 Ilium
502 3699 534 3752 in
553 3702 673 3766 ltaliam
693 3715 824 3781 portans
844 3713 1017 3783 victosque
1036 3699 1195 3760 Penatis:
