3467 4367
708 631 914 683 GEORGICON
931 635 1001 685 LIB.
1021 636 1043 686 Ι.
1277 634 1306 683 31

448 710 504 765 Fas
521 713 551 765 et
568 710 629 763 iura
645 708 752 766 sinunt:
765 711 844 780 givos
862 714 1000 770 deducere
1017 715 1093 769 nulla

447 787 554 855 Religio
572 782 669 854 vetuit,
687 788 774 854 segeti
792 790 975 856 praetendere
993 808 1111 861 saepem,
1272 804 1309 847 no

446 862 565 916 Insidias
583 862 679 915 avibus
697 864 794 933 moliri,
811 866 959 934 incendere
977 882 1083 936 vepres,

445 939 650 1006 Balantumque
667 955 780 1007 gregem
798 941 881 995 fluvio
900 959 1020 997 mersare
1039 943 1150 997 salubri.

445 1016 536 1085 Saepo
555 1014 614 1069 oleo
632 1016 707 1069 tardi
724 1019 952 1085 costas-agitator
970 1019 1047 1073 aselli

444 1092 555 1149 Vilibus
574 1097 622 1147 aut
640 1099 738 1147 onerat
755 1094 850 1162 pomis,
870 1094 1045 1163 lapidemque
1062 1097 1204 1149 revertens

446 1172 577 1225 Incusum
596 1172 644 1223 ant
661 1172 739 1223 atrae
755 1186 873 1223 massam
891 1171 958 1238 picis
975 1171 1044 1225 urbe
1061 1174 1194 1240 reportat.
1270 1183 1307 1244 ato

482 1247 548 1314 Ipsa
565 1245 625 1299 dies
643 1244 710 1298 alios
728 1246 781 1298 alio
799 1245 878 1299 dedit
897 1246 992 1300 ordine
1010 1247 1087 1301 Luna

446 1322 547 1376 Felicis
564 1337 686 1390 operum.
725 1321 853 1386 Quintam
872 1322 951 1390 fuge:
971 1323 1088 1391 pallidus
1107 1321 1194 1376 Orcus

401 1459 404 1471 y
445 1398 667 1465 Eumenidesque
685 1401 777 1463 satae;
797 1401 856 1451 tum
875 1402 957 1467 partu
976 1398 1061 1452 Terra
1078 1398 1197 1452 nefando

401 1478 403 1485 ’
445 1474 603 1542 (locumque
622 1474 805 1541 Iapetumque
823 1478 907 1543 creat,
925 1491 1091 1542 saevumque
1110 1474 1243 1543 Typhoea,

445 1550 484 1604 Et
501 1550 656 1603 coniuratos
674 1549 779 1603 caelum
796 1550 952 1605 rescindere
970 1552 1077 1605 fratres.
1266 1565 1304 1605 ceo

445 1627 500 1680 Ter
517 1630 581 1680 sunt
598 1625 689 1678 conati
705 1626 837 1694 inponere
856 1627 933 1681 Pelio
952 1627 1050 1680 Ossam

445 1703 560 1768 Scilicet,
578 1704 662 1770 atque
682 1701 767 1755 Ossae
784 1702 944 1757 frondosum
961 1704 1099 1757 involvere
1118 1701 1278 1770 Olympum3

445 1779 501 1834 'Per
518 1778 602 1832 Pater
620 1780 776 1832 exstructos
794 1778 900 1833 disiecit
917 1779 1031 1833 fulmine
1049 1779 1156 1833 montis

445 1855 579 1923 Septuma
596 1856 659 1922 post
677 1853 819 1907 decumam
837 1855 902 1908 felix
922 1859 951 1909 et
969 1872 1072 1924 ponere
1090 1855 1182 1920 vitem,

445 1931 484 1985 lot
500 1946 614 2000 prensos
632 1930 766 1983 domitare
783 1930 875 2000 bovae,
893 1935 922 1985 et
939 1932 1001 1985 licia
1019 1932 1091 1985 telae
1265 1942 1302 1982 mo

445 2007 577 2072 Addere;
599 2022 670 2059 nona
687 2007 767 2075 firgae
785 2008 887 2075 melior,
907 2009 1044 2063 contraria
1059 2007 1149 2061 furtis.

480 2082 571 2136 Multa
588 2082 657 2136 adeo
674 2082 766 2150 gelida
782 2084 880 2137 melius
898 2101 927 2138 se
945 2087 1025 2138 nocte
1044 2083 1153 2151 dedere,

444 2161 505 2213 Ant
523 2176 584 2213 cum
602 2159 659 2212 sole
676 2174 746 2212 novo
763 2162 852 2213 terras
869 2161 974 2213 inrorat
993 2160 1073 2212 Eous.

444 2236 471 2289 N
472 2233 534 2290 octe
552 2235 626 2289 leves
643 2235 740 2290 melius
758 2236 882 2303 stipulae,
899 2240 980 2289 nocte
998 2235 1076 2288 arida
1092 2235 1173 2301 prata

444 2312 619 2376 Tondentur3
638 2315 732 2364 noctes
750 2311 841 2364 lentus
859 2327 913 2364 non
930 2311 1025 2365 deficit
1042 2310 1146 2363 humor.

445 2388 482 2441 ut
500 2387 612 2457 quidam
630 2403 704 2440 seros
721 2385 828 2440 hiberni
845 2386 882 2440 ad
900 2388 1009 2440 luminis
1026 2387 1097 2455 ignis

445 2464 600 2531 Pervigilat
618 2464 746 2533 ferroque
764 2464 837 2517 laces
855 2464 971 2533 inspicat
988 2467 1084 2530 acuto;

445 2540 558 2594 Interea
574 2541 685 2608 longum
702 2543 785 2593 cantu
803 2540 892 2595 solata
909 2540 1031 2595 laborem

445 2618 555 2684 Arguto
573 2617 688 2670 coniunx
707 2617 843 2685 percurrit
860 2618 970 2685 pectine
988 2618 1065 2684 telas,

445 2695 506 2745 Aut
523 2692 609 2745 dulcis
626 2693 710 2745 musti
728 2692 850 2746 Volcano
869 2694 997 2763 decoquit
1015 2694 1157 2747 humorem

444 2768 482 2822 ut
499 2768 568 2821 foliis
586 2769 687 2822 undam
705 2770 809 2839 trepidi
828 2770 972 2839 despumat
990 2770 1059 2824 aeni.

444 2846 487 2919 At
504 2844 655 2898 rubicunda
675 2846 758 2899 Ceres
776 2846 867 2900 medio
887 2846 1036 2900 succiditur
1052 2847 1139 2911 aestu,

445 2922 482 2975 Et
499 2920 589 2975 medio
606 2925 693 2975 tostas
713 2927 792 2976 aestu
811 2924 877 2976 ten't
895 2939 960 2976 area
978 2922 1078 2989 fruges

445 2996 542 3051 Nudus
560 3014 614 3065 ara,
634 3016 695 3053 sere
714 2999 820 3065 nudus;
839 2999 947 3068 hiemps
965 3000 1064 3066 ignava
1080 2996 1181 3051 colono.

444 3072 603 3141 Frigoribus
620 3080 700 3144 parto
719 3075 852 3143 agricolae
871 3074 1034 3144 plerumque
1051 3074 1187 3141 fruuntur,

444 3148 596 3219 Mutuaquc
614 3153 688 3206 inter
705 3170 734 3206 se
752 3152 818 3205 laeti
836 3152 958 3205 convivia
976 3153 1087 3215 ourant3

445 3225 548 3281 Invitat
565 3228 677 3295 genialis
694 3228 799 3297 hiemps
819 3244 953 3297 curasque
973 3226 1097 3281 resolvit:

444 3302 502 3357 Ceu
519 3321 629 3373 pressae
647 3322 708 3358 cum
726 3305 779 3358 iam
797 3308 908 3374 portum
926 3305 1045 3371 tetigere
1062 3302 1177 3369 carinae,

445 3378 586 3447 Puppibus
605 3384 634 3434 et
650 3381 716 3435 laeti
734 3385 835 3436 nautae
852 3382 998 3450 inposuere
1017 3396 1136 3433 coronas.

445 3453 501 3508 Sed
513 3459 606 3509 tamen
618 3461 647 3510 et
659 3475 777 3525 quernas
787 3458 905 3528 glandes
916 3460 980 3513 tum
991 3457 1134 3525 strtngere
1141 3458 1263 3521 tempus
1275 3464 1320 3501 urs

437 3530 477 3581 Et
491 3530 564 3582 lauri
580 3530 661 3587 bacas
679 3535 827 3608 oleamque
847 3540 1030 3610 cruentaque
1045 3538 1168 3604 mittut

428 3600 495 3681 Tum
510 3606 633 3670 gruibus
647 3614 771 3681 pedicas
791 3621 823 3675 et
842 3619 924 3676 retia
942 3632 1059 3691 ponere
1079 3610 1192 3675 censis,

413 3666 593 3741 annosque
611 3686 697 3753 sequi
716 3686 859 3761 lepore„
880 3696 955 3750 eum
971 3691 1076 3761 ugera
1097 3683 1273 3739 samus*
