3467 4367
694 655 881 704 nauaruos
898 654 967 704 ma,
986 654 1021 705 aa
1239 657 1286 720 2⁷⁹

437 737 499 791 Hoc
515 736 626 791 virtutis
644 752 722 804 opus.
758 735 856 790 Troiae
873 735 925 790 sub
942 735 1084 791 moenibus
1102 736 1166 792 altis

436 814 489 867 Tot
506 813 581 881 gnati
600 812 724 865 cecidere
743 811 844 877 deum,
881 813 928 865 uin
946 813 1047 866 occidit
1064 829 1118 867 una
1251 826 1288 868 470

437 889 583 958 Sarpedon,
601 905 662 940 mea
679 889 833 956 progenies.
862 830 962 942 (itiam
979 906 1028 942 sua
1046 889 1168 943 Turnum
1186 933 1189 939 .

437 964 506 1020 Fata
524 968 629 1032 vocant,
647 967 791 1032 motasque
809 964 868 1017 dati
886 966 1010 1031 pervenit
1028 965 1064 1018 ad
1082 965 1150 1020 aevi.

436 1041 481 1096 Sic
498 1042 545 1107 ait,
563 1045 648 1109 atque
665 1040 757 1093 oculos
777 1040 939 1094 Rutulorum
959 1041 1047 1096 reiicit
1064 1041 1144 1095 arvia

437 1120 477 1171 At
496 1118 584 1171 Pallas
603 1117 708 1184 magnis
726 1116 831 1170 emittit
847 1115 952 1169 viribus
969 1117 1083 1184 hastam,

436 1195 596 1262 vaginaque
615 1210 680 1247 cava
697 1192 848 1260 fulgentem
866 1192 962 1261 diripit
978 1210 1078 1247 ensem.
1250 1207 1286 1247 aas

436 1270 488 1323 Illa
505 1270 605 1336 volans,
624 1270 731 1323 humeri
749 1271 866 1335 surgrmt
884 1285 939 1336 qua
955 1269 1078 1336 tegmina
1095 1284 1208 1337 summa,

405 1375 409 1385 ·
436 1347 545 1415 Incidit,
562 1351 656 1415 atque,
674 1346 746 1400 viam
764 1344 845 1412 clipei
862 1345 957 1399 molita
974 1362 1024 1413 per
1042 1361 1111 1410 orae,

434 1423 555 1477 Tandem
574 1424 660 1476 etiam
678 1426 777 1490 magno
795 1420 907 1475 strinxit
924 1421 960 1475 de
977 1438 1091 1489 corpore
1108 1420 1200 1475 'lurni

435 1500 489 1552 llic
507 1500 614 1553 'lurnus
631 1499 706 1553 ferro
723 1497 875 1565 praefixum
894 1496 977 1551 robur
994 1501 1074 1551 acuto

434 1576 468 1628 ln
488 1575 612 1628 Pallanta
629 1574 678 1628 diu
695 1574 798 1626 librans
815 1573 887 1639 iacit,
904 1577 995 1643 atque,
1006 1574 1047 1627 ita
1063 1575 1139 1627 fatur
1150 1593 1159 1627 :·
1248 1587 1285 1626 cao

436 1651 545 1720 Aspice,
563 1667 629 1705 num
646 1667 726 1718 mage
744 1650 781 1704 sit
798 1653 922 1703 nostrum
939 1650 1110 1720 penetrabile
1128 1649 1221 1704 telum.

372 1759 378 1771 ι
434 1726 565 1794 Dixerat3
582 1730 612 1781 at
629 1727 754 1796 clipeum,
773 1729 816 1781 tot
833 1726 900 1781 ferri
917 1730 1004 1795 terga,
1023 1730 1066 1781 tot
1083 1727 1162 1793 aeris,

434 1803 522 1867 Quem
539 1803 619 1873 pellis
635 1804 738 1859 totiens
755 1802 838 1857 obeat
855 1802 1025 1858 circumdata
1042 1804 1123 1872 tauri,

434 1880 562 1935 Vibranti
580 1880 701 1934 medium
719 1880 809 1948 cuspis
827 1879 1032 1934 transverberat
1047 1879 1112 1948 ictu,

433 1955 601 2026 Loricaeque
618 1972 709 2009 moras
726 1959 756 2009 et
773 1959 870 2023 pectus
888 1957 1011 2025 perforat
1028 1954 1131 2022 ingens.
1247 1967 1283 2007 aas

434 2033 486 2086 Ille
503 2034 576 2101 rapit
593 2033 712 2086 calidum
729 2032 833 2085 fnrstra
851 2032 887 2085 de
904 2033 1016 2086 volnere
1032 2031 1135 2085 telum:

433 2108 496 2161 Una
514 2109 664 2175 eademque
681 2107 726 2160 via
743 2107 853 2174 sanguis
871 2108 1031 2174 animusque
1049 2106 1210 2173 sequuntur.

435 2183 545 2236 Corruit
561 2184 589 2236 in
606 2183 718 2246 volnus;
735 2183 854 2235 sonitum
873 2198 956 2250 super
973 2197 1050 2234 arma
1067 2180 1184 2244 dedere;

434 2257 472 2310 Et
488 2262 591 2312 terram
608 2257 736 2311 hostilem
754 2257 873 2309 moriens
890 2258 963 2325 petit
980 2273 1029 2310 ore
1046 2259 1167 2310 cruento.

435 2332 523 2397 Quem
541 2334 648 2387 Turnus
666 2348 749 2399 super
766 2332 919 2385 adsistens:
1248 2344 1284 2386 teo

436 2409 566 2475 Arcades,
583 2409 658 2475 haec,
675 2407 772 2475 inquit,
790 2423 925 2461 memores
942 2423 1004 2460 mea
1022 2407 1096 2461 dicta
1113 2408 1216 2461 referta

435 2485 581 2538 Euandro:
597 2484 711 2548 Qualem
728 2483 836 2551 meruit,
855 2483 982 2536 Pallanta
1000 2483 1117 2537 remitto.

435 2560 565 2629 Quisquis
577 2560 662 2612 honos
674 2557 780 2626 tumuli,
792 2559 929 2628 quidquid
942 2558 1061 2613 solemen
1073 2558 1205 2613 humandi
1216 2561 1267 2627 est,

435 2636 554 2703 Largior.
591 2634 675 2689 Haud
693 2634 732 2688 illi
751 2635 865 2688 stabunt
885 2634 992 2689 Aeneia
1008 2651 1093 2703 parvo

435 2713 572 2781 Hospitis„
610 2712 646 2764 Et
663 2710 741 2764 laevo
759 2712 862 2779 pressit
879 2712 958 2779 pede,
976 2711 1042 2765 talia
1059 2711 1140 2778 latus,
1249 2726 1285 2765 lac

434 2788 602 2854 Exanimem,
620 2786 728 2853 rapiens
746 2786 865 2840 inmania
882 2787 1004 2855 pondera
1021 2786 1112 2854 baltei,

435 2866 649 2933 Inpressumque
667 2863 756 2917 nefas:
773 2862 896 2917 unasub
913 2865 994 2916 nocte
1011 2862 1096 2930 iugali

435 2942 521 2994 Caesa
539 2956 636 2993 manus
652 2940 780 2992 iuvenum
794 2938 885 3006 ¹foede,
903 2938 1071 3006 thalamique
1088 2937 1213 3001 oruenti;

435 3017 511 3081 Quae
530 3017 631 3071 Clonus
650 3013 798 3082 Eurytides
814 3015 902 3068 multo
919 3014 1073 3068 caelaverat
1090 3029 1176 3078 auro;

435 3093 495 3157 Quo
513 3110 583 3146 nunc
601 3092 709 3145 Tmnus
726 3093 790 3143 ovat
808 3090 894 3158 spolio
911 3089 1071 3157 gaudetque
1087 3089 1199 3158 potitus
1249 3104 1286 3144 ooo

435 3169 535 3223 Nescia
553 3185 630 3222 mens
648 3166 789 3220 hominum
806 3166 856 3220 fati
875 3166 1011 3234 sortisque
1028 3165 1145 3231 futurae,

436 3246 472 3297 Et
489 3262 598 3298 servare
616 3242 735 3308 modum,
753 3242 836 3296 rebus
854 3241 963 3295 sublata
980 3240 1121 3295 aecmrdisl

435 3321 526 3373 Turno
544 3324 652 3387 tempus
671 3317 731 3384 erit,
749 3334 847 3385 magno
865 3334 927 3371 cum
945 3317 1081 3385 optaverit
1100 3319 1224 3385 emptum

435 3397 575 3450 Intactum
594 3395 725 3459 Pallanta,
744 3396 851 3447 etcum
871 3393 957 3463 spolia
974 3393 1027 3446 ista
1044 3392 1175 3461 diemque

435 3472 543 3525 Oderit.
580 3471 620 3523 At
638 3469 704 3522 socii
720 3469 808 3523 multo
824 3471 931 3538 gemitu
947 3468 1126 3534 lacrimisque
1261 3486 1310 3518 sss

435 3547 589 3616 Inpositam
608 3548 687 3599 scuto
705 3544 832 3603 referunt
848 3547 986 3603 Pallanta
999 3543 1187 3608 aequamen
1208 3601 1216 3612 ·

428 3623 452 3675 0
470 3623 550 3676 dolor·
564 3626 652 3693 atque
671 3622 763 3679 decus
781 3642 927 3697 magnam
943 3620 1086 3677 rediture
1101 3600 1347 3706 messmu.

416 3698 499 3753 Haec
519 3703 550 3757 te
565 3703 665 3773 prima
685 3700 752 3759 dies
770 3704 856 3762 bello
878 3700 980 3769 dedra,
990 3698 1077 3750 liaeo
1095 3679 1217 3735 eom*
1227 3680 1255 3713 ’δ’
