3467 4367
700 624 883 673 AENEIDOS
900 623 972 674 LIB.
991 624 1043 673 ΙΙΙ.
1127 614 1129 619 ’
1255 626 1301 674 125

478 706 557 775 lude,
577 705 625 760 ubi
643 704 733 774 prima
750 704 822 758 fides
838 704 946 773 pelago,
964 704 1125 775 placataque
1143 706 1220 760 venti

443 784 517 837 Dant
528 783 614 836 maria
625 786 655 836 et
666 781 735 836 lenis
747 781 886 851 crepitans
898 785 976 835 vocat
988 785 1082 835 auster
1092 782 1121 835 in
1133 783 1227 850 altum,
1277 795 1302 841 te

443 859 590 913 Deducunt
608 858 673 911 socii
692 858 768 911 navis
786 861 815 911 et
833 858 915 911 litora
933 858 1068 927 conplent.

444 934 623 988 Provehimur
640 937 731 1001 portu,
749 937 897 1001 terraeque
913 934 1052 1003 urbesque
1069 934 1209 989 recedunt.

442 1011 525 1065 Sacra
541 1010 610 1062 mari
629 1009 728 1063 colitur
747 1008 837 1062 medio
855 1009 1011 1076 gratissima
1029 1011 1112 1064 tellus

441 1086 593 1141 Nereidum
611 1085 692 1138 matri
712 1088 741 1138 et
760 1084 785 1136 N
788 1087 890 1152 eptuno
909 1086 1029 1153 Aegaeo,

442 1163 530 1228 Quam
548 1162 610 1230 pius
629 1161 794 1215 Arcitenens
813 1177 875 1213 oras
894 1164 924 1215 et
941 1160 1021 1215 litera
1038 1163 1140 1217 circum
1276 1176 1301 1219 75

441 1238 589 1292 Errantem
608 1238 722 1305 Mycono
740 1253 756 1291 e
776 1236 849 1290 celsa
867 1236 1012 1305 Gyaroque
1030 1240 1156 1304 revinxit,

442 1314 635 1382 Inmotamque
653 1312 704 1366 celi
723 1313 803 1367 dedit
821 1316 850 1367 et
868 1315 1043 1367 contemnere
1062 1319 1165 1369 ventos.

443 1390 506 1444 Huc
524 1390 611 1455 feror3
630 1388 696 1443 haec
714 1388 799 1443 fessos
817 1392 880 1443 tuto
898 1389 1082 1458 placidissima
1099 1395 1180 1459 portu

442 1466 559 1534 Accipit.
596 1465 707 1532 Egressi
726 1482 888 1518 veneramur
906 1466 1042 1533 Apollinis
1059 1466 1163 1521 urbem.

442 1542 503 1596 Rex
518 1542 675 1608 Anius‚·rex
688 1541 762 1594 idem
775 1542 913 1594 hominnm
928 1540 1086 1611 Phoebique
1098 1544 1233 1611 sacerdos,
1277 1559 1302 1598 se

442 1618 528 1672 Vittis
546 1621 575 1672 et
593 1634 670 1671 sacra
688 1617 831 1671 redimitus
849 1621 974 1686 tempora
992 1618 1075 1687 lauro,

442 1694 583 1759 Occurrit;
600 1697 722 1747 veterem
742 1693 881 1747 Anchisen
900 1694 1044 1762 adgnoscit
1060 1696 1185 1751 amicum.

442 1769 586 1838 Iungimus
604 1770 723 1838 hospitio
741 1770 861 1835 dextras,
880 1774 910 1825 et
927 1773 1003 1824 tecta
1019 1771 1149 1825 subimus.

478 1847 590 1915 Templa
608 1846 652 1900 dei
672 1863 737 1900 saxo
755 1846 907 1901 venerabar
924 1851 1030 1902 stmeta
1047 1852 1172 1904 vetusto:

441 1922 487 1977 Da
499 1923 645 1992 propriam,
659 1921 837 1991 Thymbraee,
850 1923 977 1990 domum;
989 1924 1026 1977 da
1036 1924 1144 1979 moenia
1154 1924 1233 1978 fessis
1276 1938 1300 1977 ss

442 1999 481 2053 Ilt
497 2016 583 2068 genus
601 2003 630 2052 et
649 2015 804 2052 mansuram
822 1999 934 2065 urbem;
951 2016 1029 2054 serva
1047 2000 1134 2054 altera
1152 2000 1248 2053 Troiae

443 2075 585 2143 Pergama,
604 2075 733 2143 reliquias
752 2074 878 2128 Danaum
896 2078 980 2144 atque
1000 2076 1103 2129 inmitis
1121 2074 1230 2129 Achilli.

442 2151 530 2216 Quem
549 2150 706 2219 sequimur?
725 2167 813 2220 quove
831 2151 872 2204 ire
890 2151 986 2204 iubesl
1004 2151 1051 2204 ubi
1068 2168 1169 2220 ponere
1187 2150 1283 2205 sedesl

442 2227 494 2296 Da,
511 2231 597 2296 pater,
616 2227 767 2295 augurium,
787 2230 871 2294 atque
891 2226 988 2280 animis
1006 2227 1128 2282 inlabere
1145 2227 1253 2280 nostris.

477 2304 532 2356 Vix
546 2320 579 2357 ca
590 2304 663 2357 fatus
675 2320 764 2356 cram:
782 2306 902 2357 tremere
917 2304 1007 2356 omnia
1019 2304 1076 2357 visa
1088 2307 1208 2372 repente,
1276 2316 1301 2355 eo

442 2379 603 2448 liminaque
620 2380 767 2446 laurusque
786 2379 837 2444 dei,
855 2382 987 2447 totusque
1004 2381 1107 2434 moveri

442 2455 523 2510 Mons
541 2456 649 2519 circum,
668 2457 696 2508 ct
714 2455 820 2522 mugire
839 2454 929 2523 adytis
948 2456 1053 2510 cortina
1070 2456 1189 2512 reclusis.

442 2530 577 2585 Submissi
594 2531 713 2599 petimus
732 2534 841 2598 terram,
860 2534 890 2585 et
907 2547 960 2584 vox
979 2532 1067 2586 fertur
1084 2533 1120 2588 ad
1137 2534 1225 2590 auris:

442 2606 619 2682 Dardaqidae
637 2607 707 2676 duri,
726 2624 795 2675 quae
813 2624 861 2662 vos
879 2624 897 2661 a
914 2608 1000 2675 stirpe
1017 2614 1162 2677 parentum

444 2683 537 2737 Prima
553 2683 619 2737 tulit
637 2684 725 2752 tellus,
745 2685 842 2740 eadem
860 2700 908 2738 vos
925 2683 1011 2737 ubere
1029 2685 1103 2739 laeto
1276 2703 1301 2744 ss

443 2760 570 2828 Accipiet
587 2760 709 2814 reduces.
746 2762 898 2830 Antiquam
916 2760 1053 2828 exquirite
1069 2765 1193 2817 matrem.

443 2836 499 2890 Hic
517 2836 614 2890 domus
633 2839 746 2891 Aeneae
763 2837 867 2891 cunctis
887 2836 1071 2890 dominabitur
1089 2838 1151 2907 oris,

399 2967 401 2972 ,
443 2913 481 2967 Ilt
498 2913 555 2978 nati
573 2916 707 2980 natorum,
727 2917 757 2968 et
775 2915 822 2982 qui
843 2916 990 2967 nascentur
1007 2913 1042 2966 ab
1059 2913 1121 2967 illis.

444 2988 522 3042 Haec
541 2988 681 3056 Phoebus3
698 2990 838 3060 mixtoque
856 2991 953 3059 ingens
971 2993 1066 3043 exorta
1083 2991 1203 3045 tumultu

418 3073 426 3088 ·
443 3064 569 3129 Laetitia,
581 3068 611 3119 ct
622 3066 721 3133 cuncti,
733 3084 804 3135 quae
817 3069 873 3123 sint
885 3066 1043 3135 camoenis,
1055 3071 1197 3135 quaerunt,
1266 3084 1302 3123 ree

444 3141 505 3206 Quo
524 3140 649 3195 Phoebus
668 3147 747 3197 vocet
766 3146 884 3199 errantis
904 3144 1052 3211 iubeatque
1070 3143 1189 3198 revertit

444 3216 514 3271 'lum
530 3218 646 3286 genitor,
664 3225 788 3275 veterum
807 3222 919 3277 volvens
938 3225 1114 3276 monumenta
1130 3220 1258 3289 virorum,

415 3293 418 3300 ’
444 3292 558 3356 Audite,
576 3310 592 3347 e
610 3312 744 3366 proceres,
761 3298 808 3365 ait,
827 3303 857 3353 et
876 3316 938 3369 spes
957 3298 1055 3352 discite
1071 3300 1191 3352 vestras:

445 3367 529 3423 Creta
548 3370 620 3423 Iovis
637 3375 728 3441 magni
746 3375 838 3429 medio
855 3377 927 3431 iacet
943 3375 1033 3429 insula
1049 3378 1147 3444 ponte;

445 3442 526 3499 Mons
545 3446 645 3501 Idaeus
663 3449 719 3518 ubi,
737 3454 767 3505 et
784 3453 875 3521 gentis
894 3452 1034 3508 cunabula
1047 3454 1176 3506 nostrae.
1276 3458 1323 3494 We

444 3519 558 3572 Centum
577 3522 658 3578 urbes
676 3525 808 3585 habitant
826 3548 956 3603 magnas,
971 3530 1125 3586 uberrima
1136 3536 1253 3590 regnas
1356 3527 1360 3533 '

429 3592 580 3649 Maxumus
598 3601 674 3658 unde
690 3611 787 3678 pater,
809 3612 835 3668 gi
852 3611 916 3668 rste
933 3610 1044 3667 audica
1060 3602 1223 3662 recordor,

421 3663 544 3721 ΤΘΠΟῙἮΒ
565 3672 715 3741 RllObteafl
735 3689 873 3760 primum
894 3694 945 3751 05ss
964 3688 1122 3747 ήκω
1138 3675 1184 3731 &Q
1201 3678 1290 3725 lm&
