3467 4367
661 647 864 702 GEORGIOON
883 648 952 698 LIB.
971 648 1024 697 III.
1235 648 1266 697 63

409 733 547 801 Squamea
564 729 726 784 convolvens
744 728 852 783 sublato
871 733 983 798 pectore
1001 732 1081 797 terga

412 810 507 877 Atque
525 807 597 859 notis
615 806 723 873 longam
742 806 895 860 maculosus
913 805 1063 874 grandibus
1080 804 1179 872 alvum,
1235 799 1239 810 '

411 885 472 951 Qui,
492 884 557 936 dum
576 899 670 936 amnes
687 883 736 935 ulli
754 885 921 950 rumpuntur
937 881 1059 935 fontibus
1077 885 1105 933 et
1124 880 1190 933 dum

411 962 485 1020 Vere
502 959 617 1013 madent
635 960 690 1012 udo
707 963 800 1013 terrae
819 976 850 1012 ac
867 958 1032 1027 pluvialibus
1050 957 1158 1025 austris,

410 1038 514 1105 Stagna
531 1036 603 1102 colit,
621 1037 743 1104 ripisque
760 1036 894 1099 habitans
912 1036 955 1089 hie
973 1035 1092 1105 piscibus
1111 1038 1199 1089 atram
1230 1048 1266 1087 eso

412 1114 548 1184 Inprobus
566 1113 713 1181 ingluviem
731 1113 861 1182 ranisque
879 1113 1038 1182 loquacibus
1056 1113 1162 1182 exples

412 1191 563 1260 Postquam
581 1193 679 1244 exusta
697 1190 782 1259 palus,
800 1193 948 1258 terraeque
965 1190 1063 1244 ardore
1081 1189 1230 1252 dehiscunt,

413 1268 511 1321 Exsilit
528 1268 556 1320 in
575 1268 682 1333 siccum,
701 1270 731 1321 et
749 1267 917 1320 flammantia
934 1267 1037 1321 lumina
1054 1271 1184 1334 torquens

412 1344 506 1398 Saevit
523 1344 603 1412 agris,
622 1361 758 1413 asperque
777 1345 925 1413 sitiatque
944 1344 1094 1397 exterritus
1111 1344 1196 1395 aestu.

412 1420 472 1474 Nec
489 1422 555 1473 mihi
572 1424 632 1474 tum
650 1422 739 1475 mollis
758 1421 808 1474 sub
827 1421 890 1474 divo
908 1438 1020 1489 carpere
1038 1435 1152 1485 somnos,
1230 1430 1267 1469 mo

412 1497 475 1550 Neu
493 1498 573 1551 dorso
590 1498 709 1552 nemoris
727 1498 812 1551 hbeat
829 1498 943 1551 iacuisse
961 1514 1011 1567 per
1028 1496 1134 1564 herbas,

413 1573 596 1643 cumpositis
613 1592 699 1629 novus
717 1575 822 1629 exuviis
839 1575 999 1644 nitidusque
1017 1575 1127 1630 iuventa

412 1648 547 1720 Volvitur,
565 1656 614 1706 aut
631 1654 735 1706 catulos
754 1654 835 1706 tectis
853 1657 901 1706 aut
919 1669 970 1705 ova
987 1652 1150 1720 relinquens,

413 1726 527 1781 Arduus
544 1729 581 1783 ad
599 1729 692 1797 solem,
711 1732 740 1783 ct
758 1729 858 1796 linguis
877 1729 960 1781 micat
978 1744 1025 1781 ore
1043 1727 1167 1781 trisulcis.

448 1804 607 1858 Morborum
625 1823 735 1876 quoque
753 1809 782 1859 te
800 1821 910 1859 caussas
931 1808 960 1858 et
978 1805 1054 1873 signa
1072 1803 1183 1877 docebo.
1231 1814 1268 1851 44⁰

413 1879 512 1949 Turpis
528 1882 585 1935 ovis
602 1886 722 1951 temptat
740 1883 854 1948 scabies·
869 1883 917 1937 ubi
935 1882 1049 1951 frigidus
1067 1880 1154 1934 imber

414 1956 507 2009 Altius
525 1957 561 2010 ad
578 1959 668 2011 vivum
686 1958 808 2028 persedit
827 1965 856 2015 ct
873 1960 984 2014 horrida
1001 1976 1066 2012 cano

414 2032 518 2087 Bruma
536 2036 607 2103 gelu,
625 2036 668 2089 vel
687 2054 748 2089 cum
767 2038 854 2090 tonsis
873 2038 973 2092 inlotus
991 2035 1115 2089 adhaesit

413 2109 512 2178 Sudor,
530 2115 560 2165 et
577 2112 676 2165 hirsuti
694 2117 842 2167 secuerunt
859 2129 973 2181 corpora
991 2107 1104 2184 vepres'

414 2185 549 2240 Dulcibus
565 2188 667 2243 idcirco
686 2190 775 2244 fluviis
792 2207 876 2259 pecus
895 2204 976 2241 omne
992 2186 1116 2255 magistri
1228 2200 1269 2240 sse

415 2257 594 2330 Perfundunt,
612 2266 730 2335 udisque
748 2267 818 2319 aries
836 2266 865 2319 in
883 2265 994 2333 gurgite
1011 2264 1082 2317 villis

414 2338 561 2408 Mersatur,
580 2342 734 2410 missusque
752 2338 872 2397 secundo
891 2341 988 2396 defluit
1006 2341 1093 2405 amni;

416 2416 475 2469 Aut
492 2419 603 2471 tonsum
620 2420 695 2473 tristi
713 2420 876 2488 contingunt
893 2436 990 2487 eorpus
1008 2434 1128 2486 amurga,

414 2491 452 2544 llt
470 2508 580 2561 spumas
597 2496 713 2550 miscent
730 2497 837 2565 argenti
854 2497 971 2564 vivaque
989 2495 1092 2548 sulfura

416 2567 570 2637 Idaeasque
587 2572 662 2638 pices
680 2577 709 2626 et
726 2573 836 2642 pinguis
853 2574 973 2641 anguine
991 2588 1067 2625 ceras
1235 2582 1270 2623 sco

415 2644 582 2715 Scillamque
600 2648 790 2718 elleborosque
806 2651 898 2718 gravis
917 2650 1080 2717 nigrumque
1098 2647 1229 2701 bitumen.

415 2720 478 2774 Non
496 2727 588 2776 tamen
605 2724 661 2777 ulla
678 2728 765 2793 magle
782 2742 910 2794 praesens
929 2726 1038 2779 fortuna
1055 2723 1178 2777 laborum
1196 2726 1246 2788 est,

417 2797 506 2861 Quam
524 2799 547 2852 si
566 2800 628 2867 quis
646 2801 719 2855 ferro
732 2802 828 2870 potuit
845 2801 1002 2855 rescindere
1021 2817 1156 2854 summum

417 2874 525 2927 Ulceris
543 2892 587 2929 os:
607 2876 689 2929 alitur
706 2880 803 2932 vitium
822 2880 945 2948 vivitque
962 2878 1089 2945 tegendo,

418 2949 491 3003 Dum
509 2952 629 3005 medicas
648 2953 779 3007 adhibere
797 2971 893 3007 manus
912 2954 948 3007 ad
966 2954 1077 3008 volnera
1093 2955 1188 3022 pastor
1234 2966 1271 3006 sss

418 3027 556 3095 Abnegat,
573 3032 623 3082 aut
640 3028 753 3083 meliora
770 3030 836 3083 deos
854 3031 934 3085 sedet
951 3031 1040 3084 omina
1057 3046 1177 3099 poscens.

419 3103 490 3167 Quin
509 3104 599 3171 etiam,
617 3106 673 3159 ima
690 3108 769 3161 dolor
785 3108 927 3162 balantum
945 3108 1037 3176 lapsus
1055 3107 1091 3161 ad
1109 3122 1172 3159 ossa

419 3179 489 3233 Oum
506 3181 574 3234 furit
591 3186 675 3251 atquc
693 3189 769 3238 artus
788 3184 946 3254 depascitur
964 3184 1041 3237 arida
1058 3182 1150 3248 febris,

418 3254 527 3310 Profuit
544 3258 667 3312 incensos
684 3264 776 3313 aestus
793 3257 966 3316 avertere'et
984 3261 1057 3314 inter

419 3332 481 3386 Ima
497 3334 581 3388 ferire
597 3336 676 3404 pedis
694 3336 837 3390 salientem
855 3338 986 3404 sanguine
1004 3352 1117 3402 venam3
1236 3346 1273 3386 roo

420 3402 541 3466 Bisaltae
559 3427 614 3479 quo
631 3391 814 3467 more‘solent
831 3428 950 3484 acerque
967 3412 1103 3477 Gelonus,

420 3485 488 3539 Onm
503 3487 577 3554 fugit
591 3488 620 3541 in
639 3488 797 3560 Rhodopen
815 3494 905 3564 amus
921 3493 955 3548 in
972 3492 1096 3548 deserta
1111 3488 1263 3544 semaam

407 3558 447 3610 Et
461 3560 506 3613 lac
521 3568 680 3619 concretum
701 3585 766 3623 cum
788 3572 932 3643 sanguine
950 3575 1042 3644 paean
1058 3565 1185 3636 aqam,

398 3630 485 3713 Quam
499 3640 601 3701 Procul
618 3647 670 3697 aut
691 3646 776 3704 molli
798 3651 968 3710 succedere
985 3648 1117 3719 saepius
1132 3634 1270 3694 umbrae

389 3700 506 3772 Videris,
524 3718 577 3767 aut
596 3733 732 3781 summas
753 3735 947 3802 mmmm
966 3725 1120 3802 ignum
1134 3708 1276 3770 mm,
1336 3694 1361 3732 ιι
