3467 4367
692 647 880 697 AENEIDOS
897 647 966 698 LIB.
985 648 1037 699 XI.
1245 654 1293 703 29³

444 730 582 795 Quaenam
601 745 649 783 vos
666 732 744 784 tanto
760 730 872 784 senuna
889 729 1009 799 indigno,
1028 730 1126 796 Latini,

443 807 575 876 Inplicuit
592 805 671 874 bello,
688 806 736 875 qui
754 821 804 859 nos
821 805 934 874 fugiatis
952 806 1069 860 amicost

443 883 542 937 Pacem
560 898 604 937 me
622 882 754 936 exanimis
771 885 802 936 et
819 882 918 936 Martis
937 885 1011 937 sorte
1029 881 1180 950 peremptis
1258 895 1294 935 uo

443 958 553 1013 Oratisl
572 958 700 1028 equidem
718 961 749 1012 et
765 958 834 1012 vivis
851 958 1002 1012 concedere
1020 958 1125 1013 vellem.

442 1034 469 1089 N
471 1052 502 1089 ec
519 1035 589 1103 veni,
606 1034 658 1087 nisi
676 1034 734 1087 sata
750 1034 839 1089 locum
858 1034 1008 1102 sedemque
1027 1034 1183 1100 dedissent;

442 1110 502 1165 Neo
521 1110 623 1165 bellum
641 1127 703 1165 curn
720 1114 804 1179 gente
822 1127 904 1179 gero:
923 1127 973 1164 rex
990 1112 1085 1164 nostra
1102 1110 1214 1179 reliquit

443 1187 578 1257 Hospitis,
597 1190 626 1241 et
644 1186 729 1240 'lurni
746 1188 838 1255 potius
856 1203 886 1240 se
904 1185 1023 1240 credidit
1042 1185 1133 1241 armis.

442 1263 567 1331 Aequius
585 1264 648 1317 huic
665 1263 785 1316 'imnum
803 1263 894 1316 luerat
913 1277 942 1316 se
961 1278 1097 1331 opponere
1114 1262 1202 1318 morti
1257 1276 1293 1316 115

442 1339 471 1393 Si
488 1339 591 1393 bellum
611 1338 690 1392 finire
709 1355 798 1405 manu,
820 1338 844 1391 si
861 1337 964 1408 pellere
985 1338 1103 1391 Teucros

443 1417 575 1485 Apparet,
593 1416 636 1469 his
653 1432 760 1469 mecum
779 1415 872 1469 decuit
891 1430 1052 1468 concurrere
1070 1412 1148 1479 telis3

442 1491 535 1559 Vixet,
553 1491 597 1544 cui
614 1491 699 1543 vitam
719 1489 787 1543 deus
805 1494 852 1544 aut
871 1507 920 1544 sua
938 1488 1037 1543 dextra
1055 1488 1183 1544 dedisset

441 1566 468 1619 N
469 1583 522 1620 unc
539 1568 579 1620 ite
596 1570 626 1620 et
643 1565 750 1618 miseris
768 1566 915 1635 supponite
933 1565 1037 1619 civibus
1054 1566 1152 1633 ignem

443 1642 558 1696 Dixerat
577 1643 693 1696 Aeneas.
730 1642 776 1695 llli
795 1641 953 1711 obstipuere
972 1642 1088 1709 silentes,
1255 1657 1292 1697 120

442 1718 626 1787 Conversique
645 1717 736 1772 oculos
754 1718 827 1773 inter
846 1736 876 1773 se
896 1722 980 1788 atque
1001 1735 1052 1777 ora
1067 1718 1206 1774 tenebunt

441 1794 510 1848 Turn
527 1795 623 1863 senior,
640 1811 804 1865 semperque
821 1795 892 1849 odiis
910 1799 939 1850 et
956 1796 1069 1850 crimine
1088 1796 1209 1851 Drances

441 1871 567 1927 Infensus
584 1871 675 1927 iuveni
694 1872 784 1925 Turno
802 1872 841 1926 sic
858 1888 907 1926 ore
924 1872 1042 1926 vicissim

440 1946 511 2002 Orsa
528 1950 625 2003 refert:
644 1947 668 2001 Ο
686 1948 759 2001 fama
775 1950 879 2017 ingens,
897 1949 1034 2016 ingentior
1051 1948 1141 2017 armis,

440 2022 492 2076 Vir
510 2024 632 2090 Troiane,
651 2021 751 2091 quibus
769 2024 843 2078 caelo
861 2027 891 2077 te
909 2023 1036 2077 laudibus
1053 2023 1186 2091 aequcml
1254 2038 1290 2079 12⁵

441 2098 603 2153 Iustitiaene
620 2099 697 2166 prius
715 2099 806 2165 mirer,
824 2097 925 2152 belline
944 2097 1086 2151 laboruml

440 2173 498 2227 Nos
517 2190 581 2227 vero
599 2173 668 2227 haec
684 2173 802 2241 patriam
820 2173 893 2241 grati
911 2174 1062 2227 referemus
1080 2173 1116 2227 ad
1133 2172 1237 2240 urbem,

440 2247 477 2301 Ilt
494 2250 531 2312 te,
550 2248 573 2300 si
591 2265 645 2316 qua
662 2248 735 2301 riam
754 2248 864 2302 dederit
883 2249 1000 2316 fortuna,
1020 2248 1118 2302 Latino

441 2322 590 2390 lungemus
606 2322 672 2391 regi.
708 2323 828 2387 Quaerat
848 2322 901 2375 sibi
919 2324 1162 2380 foedera‘l'urnus.
1275 2352 1279 2360 ·

441 2399 512 2463 Quin
530 2402 559 2453 et
575 2399 666 2452 fatalis
684 2415 824 2452 murorum
843 2400 970 2453 attollere
988 2399 1079 2467 moles,
1253 2415 1290 2454 1so

440 2473 746 2543 Saxaquesubueotare
765 2475 887 2529 humeris
906 2476 1022 2529 Troiana
1039 2475 1150 2531 iuvabit.

440 2550 556 2604 Dixerat
573 2551 648 2617 haec,
666 2568 775 2620 unoque
792 2568 888 2606 omnes
907 2551 1003 2605 eadem
1022 2569 1069 2606 ore
1086 2552 1248 2607 fremebant.

439 2625 487 2678 Bis
505 2642 584 2680 senos
601 2628 732 2696 pepigere
751 2627 817 2694 dies,
837 2631 866 2681 et
884 2644 951 2697 pace
970 2632 1113 2698 sequestre

439 2702 493 2755 Per
511 2702 592 2755 silvas
610 2703 707 2756 Teucri
725 2704 859 2772 mixtique
877 2704 978 2773 inpune
997 2704 1089 2758 Latini

438 2777 571 2831 Erraverc
588 2778 667 2845 iugis.
704 2778 789 2833 reno
809 2782 888 2833 sonat
905 2780 961 2833 icta
979 2778 1091 2848 bipenni
1253 2795 1289 2835 lss

439 2853 588 2919 Fraxinum
605 2857 733 2909 evertunt
751 2858 825 2908 actas
844 2855 880 2909 ad
899 2854 989 2909 sidera
1007 2855 1099 2923 pinos;

438 2928 548 2983 Robora
565 2946 616 2983 nec
633 2931 725 2985 cuneis
743 2934 773 2984 et
790 2930 911 2984 olentem
930 2931 1055 2984 scindere
1071 2932 1191 3000 cedrum,

437 3005 463 3058 N
465 3022 497 3059 ec
514 3007 644 3074 plaustris
660 3010 768 3062 cessant
785 3011 896 3060 vectare
913 3006 1086 3075 gementibus
1105 3023 1193 3061 ornos.

472 3082 509 3136 Et
526 3081 580 3136 iam
600 3082 685 3136 Fama
702 3080 803 3150 volans,
820 3082 891 3136 tanti
909 3083 1073 3151 praenuntia
1090 3083 1187 3152 luctus,

437 3154 595 3211 Euandrum
615 3159 792 3228 Euandrique
810 3158 906 3212 domos
924 3162 953 3213 et
971 3159 1079 3213 moenia
1096 3159 1194 3230 replet,
1253 3175 1290 3214 rso

437 3230 514 3294 Quae
530 3233 612 3288 modo
629 3235 759 3290 victorem
777 3234 857 3289 Latio
878 3234 1004 3289 Pallanta
1024 3235 1137 3291 ferebat

437 3306 561 3361 Arcades
577 3310 613 3362 ad
632 3315 725 3378 portas
742 3328 830 3380 ruere,
849 3314 879 3365 et
901 3311 936 3365 de
955 3328 1032 3366 more
1051 3315 1161 3366 vetusto

437 3381 576 3436 Funereas
596 3401 711 3453 rapuere
728 3388 816 3453 fuces3
834 3388 908 3442 lucet
924 3388 969 3441 via
987 3388 1069 3457 longo

437 3456 541 3511 Ordine
561 3457 739 3525 flammarum,
760 3466 790 3517 et
805 3462 861 3517 late
879 3463 1053 3518 discriminat
1069 3480 1164 3531 agros.

437 3533 538 3587 Contra
558 3534 639 3589 turba
658 3536 800 3607 Phrygum
817 3540 939 3598 veniens
955 3539 1131 3613 plangentia
1144 3533 1266 3608 tunglo·
1281 3540 1330 3575 Ἦ)

424 3609 553 3675 Agma
592 3611 671 3677 ΘΗΜ
690 3619 850 3689 postquem
872 3624 986 3676 matres
1009 3614 1179 3673 succedere
1195 3602 1295 3657 'seem

418 3681 564 3754 Viderunt,
582 3696 730 3751 maestam
749 3695 924 3756 incendunt
944 3693 1139 3754 clamoribus
1151 3678 1285 3737 urbem·
