3467 4367
487 623 535 676 270
710 621 740 670 P.
760 620 914 669 VERGILI
932 618 1098 669 MARONIS

486 702 542 759 Seu
560 703 626 759 fatis
646 702 748 756 Italum
768 704 858 755 castra
878 699 1020 755 obsidione
1038 702 1177 768 tenentur,

485 780 549 836 Sive
568 795 661 834 errore
679 778 750 831 malo
771 778 868 831 Troiae
886 776 1053 845 monitisque
1073 776 1198 831 sinistris.
1301 792 1340 833 11⁰

485 856 546 911 Nec
565 856 682 910 Rutulos
701 854 782 908 solvo.
818 853 874 907 Sua
892 852 992 920 cuique
1010 868 1109 906 exorsa
1126 852 1249 908 lahorem

486 931 691 998 Fortunamque
710 929 806 984 ferent.
843 929 906 983 Rex
927 926 1054 997 Iuppiter
1074 929 1199 982 omnibus
1219 929 1303 984 idem.

486 1006 557 1061 Fata
575 1007 647 1060 viam
665 1004 812 1058 invenient
848 1004 937 1072 Stygii
956 1020 1008 1072 per
1026 1004 1139 1058 flumina
1154 1006 1255 1071 fratris,

486 1083 540 1136 Per
558 1083 618 1150 pice
636 1080 768 1135 torrentis
787 1083 903 1148 atraque
918 1079 1048 1147 voragine
1066 1079 1141 1149 ripas

485 1158 600 1224 Adnuit,
618 1160 647 1211 et
663 1160 753 1210 totum
767 1160 837 1210 nutu
852 1155 1007 1211 tremefecit
1030 1155 1182 1224 Olympum.
1301 1173 1340 1213 115

485 1233 541 1287 Hic
559 1234 621 1287 finis
637 1232 719 1287 fandi.
756 1233 829 1287 Solio
848 1235 909 1286 tum
929 1232 1058 1311 Iuppiter
1076 1249 1159 1287 aureo

484 1308 585 1377 Surgit,
605 1309 747 1363 caelimlae
765 1308 887 1362 medium
906 1325 989 1377 quem
1008 1308 1045 1362 ad
1063 1309 1158 1363 limina
1176 1310 1290 1366 ducunt.

519 1384 632 1438 Interea
651 1383 748 1438 Rutuli
763 1384 851 1453 portis
872 1384 974 1438 circum
993 1385 1119 1438 omnibus
1136 1384 1239 1440 instant

484 1459 613 1514 Sternere
630 1460 714 1515 caede
731 1461 811 1526 viros,
830 1463 860 1514 et
878 1460 985 1534 moenia
1002 1460 1111 1528 cingere
1129 1460 1253 1517 flammis

484 1539 526 1590 At
543 1536 615 1603 legio
635 1535 798 1590 Aeneadum
815 1535 893 1589 vallis
910 1534 1024 1589 obsessa
1041 1539 1160 1611 tenetur,
1301 1552 1337 1592 rao

484 1611 544 1665 Nec
559 1629 622 1680 spes
640 1612 696 1666 ulla
713 1613 803 1680 fugae.
840 1611 936 1664 Miseri
955 1614 1030 1665 stant
1048 1612 1171 1667 turribus
1190 1612 1257 1668 altis

484 1686 666 1756 Nequiquam,
686 1692 716 1742 et
734 1705 798 1742 ram
815 1704 909 1742 muros
928 1687 1037 1742 cinxere
1057 1705 1171 1743 corona:

484 1762 568 1816 Asius
589 1763 758 1817 Imbrasides
778 1763 1011 1832 Hicetaoniusque
1030 1764 1194 1833 Thymoetes

483 1839 666 1906 Assaracique
684 1839 739 1892 dno
757 1842 787 1892 et
806 1838 897 1893 senior
915 1855 977 1892 cum
997 1839 1111 1894 Castore
1130 1841 1282 1910 Thymbris,

483 1914 575 1966 Prima
593 1914 682 1979 acies;
700 1915 749 1967 hos
767 1914 891 1982 germani
910 1913 1074 1984 Sarpedonis
1092 1915 1181 1985 ambo,
1299 1933 1336 1973 125

482 1990 519 2043 Et
538 1989 634 2043 Clarus
655 1993 684 2044 et
705 1990 832 2056 Themom
852 1989 935 2058 Lycia
953 1990 1118 2045 comitantur
1136 1990 1171 2046 ab
1189 1992 1256 2048 alta.

482 2066 550 2119 Fert
567 2066 664 2134 ingens
682 2069 741 2121 toto
760 2066 893 2120 <annixus
911 2082 1025 2134 corpore
1046 2083 1150 2135 saxum,

483 2141 566 2194 Haud
586 2147 694 2210 partem
713 2142 840 2210 exiguam
860 2141 969 2209 montis,
990 2142 1136 2211 Lyrnesius
1156 2144 1272 2213 Acmon,

480 2217 506 2269 N
508 2234 539 2271 ec
559 2218 647 2287 Clytio
663 2218 788 2286 genitore
805 2218 902 2283 minor,
921 2233 971 2271 nec
991 2219 1078 2272 fratre
1098 2218 1270 2276 Menestheo.

482 2293 520 2345 Hi
537 2293 639 2361 iaculis,
660 2294 700 2347 illi
720 2297 828 2348 certant
847 2294 997 2347 defendere
1016 2294 1095 2363 saxis,
1296 2312 1335 2353 1³0

480 2368 627 2438 Molirique
647 2370 746 2438 ignem,
765 2386 906 2439 nervoque
922 2373 1018 2438 aptare
1037 2371 1159 2439 sagittas.

480 2444 546 2513 Ipse
565 2445 638 2499 inter
656 2445 768 2513 medios,
788 2445 905 2499 Veneris
923 2445 1074 2500 iustissima
1094 2463 1167 2515 cura,
1216 2515 1218 2519 Ι

480 2520 635 2573 Dardanius
655 2523 745 2589 caput,
764 2536 835 2587 eece,
855 2536 926 2588 puer
945 2520 1072 2575 detectus
1088 2522 1241 2591 honestum,

479 2595 573 2660 Qualis
592 2612 707 2663 gemma,
726 2596 818 2663 micat,
835 2596 941 2649 fulvum
958 2598 1038 2666 quae'
1048 2597 1148 2652 dividit
1164 2614 1270 2668 aurum,

478 2674 538 2725 Aut
557 2671 626 2725 collo
645 2671 729 2725 decus
748 2675 796 2725 aut
815 2672 914 2739 capiti:
936 2673 980 2727 vel
999 2673 1080 2741 quale
1098 2691 1148 2744 per
1168 2676 1258 2729 arte'm
1295 2689 1332 2730 ms

480 2747 618 2801 Inclusum
637 2747 711 2801 buxo
729 2752 779 2802 aut
797 2748 890 2801 Oricia
909 2748 1066 2803 terebintho

478 2823 566 2877 Imcet
585 2822 670 2890 ehur3
686 2824 761 2877 fusos
780 2823 873 2878 cervix
891 2824 935 2877 cui
953 2824 1042 2878 lactea
1060 2825 1141 2879 crinis

478 2898 588 2968 Accipit
607 2903 637 2953 ct
655 2900 730 2954 molli
750 2898 888 2954 subnectit
907 2899 1024 2954 circulus
1044 2917 1118 2955 auro.

477 2976 516 3029 Te
535 2992 644 3044 quoque
663 2975 851 3043 magnanimae
871 2974 1007 3049 viderimt,
1028 2976 1140 3046 Ismare,
1158 2981 1257 3047 gentes

478 3051 597 3104 Volnera
616 3050 743 3119 dirigere,
762 3054 792 3104 et
809 3050 926 3104 calamos
945 3067 1052 3105 armare
1073 3070 1185 3124 veneno,
1292 3066 1331 3110 llo

478 3126 606 3180 Maeonia
623 3142 756 3194 generose
777 3127 858 3180 domo
884 3126 933 3179 ubi
949 3126 1061 3195 pinguia
1078 3129 1152 3183 culta
1190 3155 1192 3159 ·
1250 3143 1253 3150 '

476 3203 667 3271 Exercentque
685 3202 744 3269 viri,
766 3201 948 3270 Pactolusque
968 3202 1069 3271 inrigat
1090 3222 1164 3258 auro.

476 3278 577 3332 Adfuit
595 3281 624 3331 et
644 3278 812 3342 Mnestheus,
831 3294 914 3346 quem
934 3278 1005 3347 pulsi
1024 3280 1139 3347 pristina
1159 3280 1242 3334 Turni

475 3355 588 3423 Aggere
607 3370 761 3407 moemrum
780 3353 925 3407 sublimem
943 3354 1031 3421 gloria
1049 3356 1128 3424 tollit,

409 3486 411 3489 .
472 3430 511 3483 Et
532 3428 636 3499 Capys:
661 3427 725 3481 hinc
743 3444 842 3481 nomon
861 3429 1015 3498 Campanae
1034 3430 1144 3486 ducitur
1164 3432 1235 3488 urbi.
1290 3449 1328 3491 141

495 3505 548 3561 IIIi
566 3506 647 3563 inter
665 3522 730 3562 seso
749 3503 815 3561 duri
834 3504 988 3560 certamina
1001 3504 1073 3559 helii

447 3582 662 3645 Contulcrant:
683 3586 785 3645 media
805 3587 920 3642 Aeneas
933 3582 1011 3638 treta
1024 3583 1109 3634 nocte
1124 3581 1251 3636 secabut.

430 3657 589 3739 Namque,
615 3673 650 3727 ut
672 3669 717 3727 ab
738 3666 887 3725 Euandro
907 3657 1012 3717 castris
1028 3652 1335 3721 qqgrsssusmtmsuu,
1369 3670 1373 3680 ·
