3467 4367
518 628 706 680 nueonren.
738 628 865 678 nonu
1093 616 1122 666 11

398 728 414 764 ,s
432 726 512 764 omne
529 710 592 765 tuis
629 710 779 777 Postquam
797 713 826 764 te
843 710 902 768 fala
919 709 1050 776 tulerunt,

398 789 435 841 les
452 804 532 855 agros
549 790 633 856 atque
651 787 710 856 ipse
727 786 841 856 reliquit
860 787 967 856 Apollo.

411 880 492 932 saepe
510 864 609 932 quibus
627 864 816 918 mandavimus
832 864 938 918 hordea
955 862 1043 929 sulcis,

401 941 484 993 olium
503 943 531 993 et
549 941 658 994 steriles
676 944 824 995 naseuntur
842 958 961 1006 avenae;

400 1017 420 1069 li
438 1017 515 1081 viola,
533 1033 583 1084 pro
601 1033 739 1085 purpureo
757 1018 884 1085 narcisse,

415 1097 444 1145 et
463 1093 548 1161 spinis
566 1093 654 1160 surgit
672 1092 793 1160 paliurus
811 1094 908 1149 acutis.

416 1169 528 1222 humum
546 1169 625 1235 foliis,
645 1169 769 1222 inducite
786 1169 908 1224 fontibus
925 1168 1045 1235 umbras,
1103 1179 1128 1219 lo

398 1266 420 1309 .;
437 1245 551 1298 mandat
569 1244 629 1297 fieri
647 1245 700 1298 sibi
717 1244 784 1298 talia
802 1245 943 1315 Daphnis;

398 1322 461 1373 ilum
478 1321 568 1386 facite,
588 1324 617 1374 et
635 1322 741 1374 tumulo
759 1321 938 1389 superaddite
955 1335 1080 1374 carmen:

398 1398 429 1450 iis
447 1414 497 1465 ego
514 1398 542 1449 in
561 1397 644 1464 silvis,
663 1397 725 1450 hine
743 1413 830 1466 usque
848 1397 885 1450 ad
902 1396 995 1450 sidera
1006 1398 1127 1463 notuse

398 1473 428 1527 ›si
446 1475 552 1541 peeoris
569 1477 668 1540 eustos,
686 1474 830 1527 formosior
846 1473 913 1542 ipse.

398 1550 447 1603 'ale
465 1552 543 1602 tuum
562 1566 672 1603 carmen
690 1549 776 1617 nobis,
794 1550 887 1603 divine
904 1551 993 1619 poeta,

398 1643 456 1695 ›por
473 1626 551 1679 fessis
568 1626 597 1678 in
614 1626 745 1693 gramine,
763 1626 844 1696 quale
861 1643 912 1695 per
929 1629 1037 1679 aestum

399 1718 469 1770 quae
487 1702 601 1755 saliente
619 1702 694 1755 sitim
711 1703 883 1770 restinguere
899 1702 964 1755 rivo.

398 1779 456 1832 imis
474 1777 562 1832 solum
580 1779 750 1846 aequiparas,
769 1779 819 1832 sed
836 1794 903 1832 voce
920 1781 1090 1844 magistrum.

398 1859 422 1908 te
439 1871 514 1923 puer,
532 1858 564 1907 tu
580 1871 652 1907 nune
669 1855 724 1908 eris
742 1854 812 1909 alter
829 1855 865 1909 ab
882 1854 936 1908 illo.

398 1948 432 1985 en
444 1932 510 1984 haee
522 1947 693 1998 quoeumque
705 1930 787 1984 modo
799 1931 852 1985 tibi
863 1934 960 1985 nostra
970 1929 1090 1984 vicissim
1101 1943 1127 1983 so

400 2050 406 2073 ,
424 2007 617 2075 Daphnimque
635 2011 714 2061 tuum
732 2008 859 2061 tollemus
877 2007 914 2061 ad
931 2009 1024 2071 astra;

411 2082 447 2135 ad
459 2087 533 2136 astra
544 2083 677 2137 feremus:
690 2083 790 2137 amavit
802 2100 851 2138 nos
864 2099 973 2151 quoque
986 2080 1115 2151 Daphnis

410 2159 555 2227 quiequam
574 2158 651 2212 nobis
669 2159 718 2213 tali
736 2160 774 2214 sit
793 2176 905 2213 munere
924 2159 1034 2212 maiust

408 2235 467 2303 ipse
484 2235 536 2287 fuit
554 2236 658 2288 cantari
676 2236 783 2302 dignus,
801 2238 831 2289 et
848 2235 902 2288 ista

398 2312 457 2364 lem
475 2310 606 2362 Stimicon
624 2310 745 2363 laudavit
763 2311 885 2364 earmina
902 2308 987 2363 nobis.
1102 2325 1126 2365 ee

399 2386 517 2439 andidus
534 2385 672 2437 insuetum
690 2386 806 2439 miratur
823 2386 906 2441 limen
925 2384 1032 2454 Olympi

400 2462 514 2531 ibusque
533 2459 609 2513 videt
627 2461 713 2515 nubes
731 2465 760 2516 et
777 2463 869 2517 sidera
887 2461 1017 2532 Daphnis.

398 2540 455 2593 eris
473 2539 554 2593 silvas
572 2541 601 2590 et
619 2541 711 2591 eetera
728 2556 793 2593 nna
810 2541 935 2609 voluptas

417 2619 597 2683 pastoresque
615 2618 692 2668 tenet
711 2614 890 2685 Dryadasque
907 2616 1020 2685 puellas.

398 2708 425 2743 us
442 2691 555 2743 insidias
572 2690 672 2760 peeori,
689 2709 741 2745 nee
758 2694 829 2746 retia
847 2693 934 2745 cervis
1101 2705 1126 2744 eo

398 2783 444 2818 um
462 2766 649 2832 meditantur;
666 2770 740 2820 amat
757 2768 844 2822 bouus
862 2768 920 2821 otia
938 2766 1069 2835 Daphnis.

398 2842 452 2895 >itia
471 2858 550 2895 voees
568 2843 604 2896 ad
622 2843 714 2897 sidera
731 2845 837 2897 iactant

398 2922 522 2983 montos3
539 2918 616 2987 ipsae
633 2921 687 2974 iam
706 2920 826 2973 earmina
844 2938 934 2989 rupes,

398 2999 451 3048 rant
469 2994 597 3049 arbusta:
617 2997 692 3064 deus,
712 2996 780 3050 deus
798 2997 851 3065 ille,
870 2997 1008 3051 Menalca!

398 3090 417 3125 is
436 3089 452 3124 o
470 3072 590 3140 felixque
608 3072 680 3127 tuis!
700 3090 733 3126 en
752 3076 885 3142 quattuor
902 3090 981 3127 aras:
1101 3088 1126 3125 os

398 3166 427 3202 as
445 3149 503 3215 tibi,
524 3148 640 3216 Daphni,
661 3150 729 3202 duas
747 3150 846 3203 altaria
864 3149 982 3203 Phoebo.

398 3226 455 3278 >ina
472 3242 541 3278 novo
560 3226 715 3294 spumantia
733 3225 805 3278 laete
824 3225 987 3293 quotannis

400 3317 454 3370 quo
473 3302 542 3355 duos
561 3306 681 3355 statuam
702 3301 753 3354 tibi
771 3301 879 3369 pinguis
898 3301 970 3367 olivi,

398 3377 457 3429 oin
475 3377 570 3445 primis
588 3377 707 3430 hilarans
724 3375 846 3430 convivia
864 3375 980 3441 Baccho,

398 3470 461 3518 aum,
480 3454 503 3505 si
520 3453 607 3520 frigus
626 3453 688 3521 erit,
707 3452 731 3507 si
747 3452 857 3522 messis,
870 3451 905 3506 in
918 3450 1034 3513 umhna,
1108 3461 1141 3499 uo

399 3547 452 3582 um
470 3531 585 3586 fundam
605 3532 725 3588 calathis
747 3532 866 3589 Ariusia
881 3532 994 3586 neetar.

401 3610 413 3657 t
430 3608 501 3661 mihi
521 3610 684 3672 Damoetas
701 3617 736 3671 et
754 3610 882 3685 nyseus
907 3610 1036 3676 aegeos

398 3682 517 3753 Satyros
534 3688 713 3751 imitabitur
739 3690 982 3767 Alphesmoeus·
