3467 4367
679 637 862 687 AENEIDOS
879 636 948 687 LIB.
967 636 1017 686 VI.
1226 638 1273 687 205

423 718 481 773 Sed
497 734 552 772 nox
568 721 630 773 atra
646 722 729 787 caput
746 719 821 773 tristi
838 720 1014 774 circumvolat
1031 720 1136 775 umbra
1237 734 1275 774 ecc

423 794 492 848 Tum
509 797 590 863 pater
608 794 750 862 Anchises,
768 794 886 849 lacrimis
903 795 1041 864 ingressus
1059 795 1176 850 obortis:

423 870 447 924 Ο
465 874 556 939 gnate,
574 872 713 938 ingentem
730 870 834 925 luctum
851 888 886 924 ue
904 888 1004 940 quaere
1022 871 1147 937 tuorum3

422 946 578 1001 Ostendent
595 946 679 1001 terris
696 947 768 1000 hunc
785 950 893 1001 tantum
910 948 974 1017 fata,
992 965 1081 1018 neque
1098 949 1171 1002 ultra

422 1023 491 1078 losse
509 1023 605 1077 sinent
641 1022 762 1076 Nimium
780 1022 857 1076 vobis
876 1023 1000 1079 Romana
1017 1040 1138 1093 propago
1238 1036 1275 1079 sto

422 1099 491 1153 Visa
507 1102 612 1167 potens,
632 1100 738 1168 Superi,
755 1099 866 1169 propria
884 1099 951 1153 haec
969 1100 992 1153 si
1011 1100 1083 1153 (lona
1099 1100 1223 1154 inissent.

422 1175 546 1240 Quantos
563 1176 610 1231 ille
621 1175 715 1230 virum
734 1191 860 1243 magnam
879 1175 1011 1229 Mavortis
1029 1176 1066 1230 ad
1082 1175 1180 1230 urbem

423 1251 543 1319 Campus
559 1256 624 1321 aget
641 1250 773 1320 gemitus!
792 1251 835 1305 vel
853 1267 932 1319 quae,
951 1251 1085 1319 Tiberine,
1103 1250 1210 1305 videbis

423 1327 539 1396 Funera,
558 1346 619 1383 cum
637 1329 772 1383 tumulum
789 1328 994 1396 praeterlabere
1009 1331 1162 1383 recentem!

422 1404 482 1457 Nec
500 1420 569 1472 puer
587 1405 670 1459 Iliaca
688 1404 830 1473 quisquam
849 1402 885 1456 de
903 1408 986 1471 gente
1005 1404 1118 1457 Latinos
1237 1416 1273 1457 ors

423 1480 458 1533 In
475 1484 583 1535 tantum
601 1498 650 1549 spe
667 1481 747 1535 tollet
764 1495 835 1546 avos,
852 1495 903 1532 nec
922 1479 1037 1533 Romula
1055 1479 1192 1546 quondam

422 1556 487 1611 Ullo
505 1574 535 1611 se
552 1560 661 1611 tantum
679 1556 760 1611 tellus
776 1555 891 1609 iactabit
908 1556 1022 1610 alumne.

423 1633 488 1688 Heu
505 1634 601 1703 pietas,
619 1633 673 1687 heu
691 1632 781 1701 prisca
797 1632 875 1699 fides,
893 1632 1049 1702 invictaque
1065 1632 1139 1687 bello

423 1709 556 1765 Dextera!
576 1727 630 1764 nou
647 1709 686 1763 illi
704 1726 734 1763 sc
751 1709 894 1777 qnisquam
911 1709 1012 1777 inpune
1029 1708 1140 1763 tulisset

423 1786 526 1842 Obvius
543 1791 656 1856 armato,
673 1803 723 1841 sen
740 1802 802 1839 cnm
819 1785 905 1856 pedes
922 1785 977 1839 iret
994 1786 1022 1838 in
1041 1785 1156 1853 hostem,
1235 1799 1273 1838 888

423 1863 478 1918 Seu
495 1866 645 1933 spumantis
663 1862 853 1932 cqui.foderet
871 1861 1020 1917 calcaribus
1038 1878 1137 1915 armos.

423 1935 495 2008 Heu,
512 1941 666 1994 miserande
683 1944 765 2008 pucr!
785 1939 809 1992 si
827 1954 881 2007 qua
898 1939 955 1991 fata
973 1955 1071 2007 aspera
1088 1954 1206 2007 rumpas,

423 2016 464 2069 Tu
482 2017 627 2070 Marcellus
645 2016 705 2069 eris.
742 2015 872 2069 Manibus
890 2015 955 2069 date
972 2014 1029 2068 lilia
1046 2014 1141 2082 plenis,

423 2092 580 2159 Purpureos
597 2108 723 2160 spargam
741 2092 828 2156 flores,
847 2091 1019 2159 animamque
1036 2091 1145 2157 nepotis

424 2169 477 2221 His
496 2168 593 2221 saltem
610 2166 780 2220 adcumulem
798 2166 884 2231 <lonis
906 2169 934 2218 et
951 2166 1050 2232 fungar
1066 2165 1139 2218 inani
1235 2173 1273 2218 888

423 2242 629 2296 Munere-Sic
647 2245 706 2295 tota
723 2242 830 2309 passim,
843 2240 954 2307 regione
972 2242 1107 2307 vagantur

423 2318 506 2370 Aeris
523 2318 552 2370 in
569 2316 671 2384 campis
688 2316 760 2383 latis,
777 2319 861 2383 atque
879 2316 968 2369 omnia
984 2315 1109 2370 lustrant.

425 2392 500 2457 Quae
517 2397 662 2461 postquam
681 2392 815 2446 Anchises
832 2395 927 2445 natum
945 2408 995 2459 per
1013 2392 1118 2459 singula
1135 2391 1223 2459 duxit,

424 2468 605 2537 Inconditque
622 2470 740 2523 animum
756 2469 845 2522 famae
862 2467 997 2522 venientis
1014 2484 1114 2537 amore,

424 2545 495 2598 Exin
513 2545 585 2599 bella
599 2546 659 2607 ,viro
677 2548 811 2600 memorat
828 2561 899 2613 quae
917 2544 1018 2599 deinde
1035 2546 1164 2613 gerenda,
1235 2559 1272 2599 888

420 2620 622 2690 'Laurentisque
640 2622 721 2676 docet
737 2621 851 2690 populos
869 2620 1021 2689 urbemque
1040 2621 1139 2691 Latini,

422 2697 460 2751 Et
478 2714 532 2765 quo
549 2702 686 2766 quemquo
703 2697 784 2751 modo
801 2698 943 2765 fugiatque
961 2696 1087 2766 feratque
1105 2698 1234 2753 laborem.

457 2774 528 2828 Sunt
545 2774 669 2842 geminae
687 2774 778 2827 Somni
795 2777 900 2842 portae,
919 2790 1035 2842 quarum
1053 2773 1141 2827 altera
1158 2774 1247 2828 fertur

422 2850 535 2918 Cornea,
553 2866 608 2919 qna
624 2850 696 2903 veris
713 2849 799 2903 facilis
817 2849 901 2903 datur
917 2850 1008 2903 exitus
1026 2849 1153 2914 Umbris3

422 2928 521 2981 Altera
538 2927 666 2981 candenti
682 2926 804 2995 perfecta
821 2926 912 2980 nitens
929 2926 1081 2994 elephanto,
1234 2940 1272 2981 aco

421 3003 478 3057 Sed
495 3004 564 3057 falsa
581 3003 617 3057 ad
634 3002 739 3057 caelum
757 3002 872 3056 mittunt
890 3002 1023 3056 insomnia
1040 3002 1143 3055 Manes

422 3080 476 3133 His
493 3080 540 3132 uhi
559 3083 618 3133 tum
636 3083 731 3133 natum
750 3077 884 3132 Anchises
901 3094 1011 3146 unaque
1029 3078 1159 3147 Sibyllam

423 3156 602 3224 Prosequitur
620 3155 709 3222 dictis,
727 3157 862 3223 portaque
881 3153 984 3208 emittit
1001 3154 1111 3222 eburna,

422 3232 474 3284 llle
491 3232 562 3284 viam
580 3236 654 3286 secat
671 3231 708 3285 ad
725 3232 801 3284 navis
818 3230 960 3298 sociosque
977 3231 1084 3296 revisit;

421 3305 489 3359 Tum
507 3322 537 3359 se
554 3307 591 3359 ad
609 3307 720 3361 Caietae
737 3310 813 3361 recto
830 3306 886 3361 lert
904 3306 984 3360 litore
1001 3309 1118 3375 portum.
1234 3321 1271 3362 eoo

422 3382 533 3436 Ancora
549 3381 586 3436 de
603 3398 685 3451 prora
700 3383 813 3449 iacitur;
830 3385 907 3438 stant
924 3382 1004 3439 litore
1021 3393 1132 3453 puppes.
