3467 4367
425 619 473 668 266
674 616 857 666 AENEIDOS
874 615 945 665 LIB.
964 615 1014 664 IX.

420 698 499 752 Unus
516 698 604 767 homo,
623 701 653 752 et
670 698 777 764 vestris,
796 714 812 751 o
829 697 910 765 cives,
928 696 1051 766 undique
1069 700 1181 765 saeptus

425 775 585 843 Aggeribus,
603 777 696 829 tantas
714 777 820 841 strages
837 773 939 841 inpune
956 789 1006 841 per
1023 772 1120 826 urbem

420 850 562 904 Edideritr
579 851 707 903 iuvenum
724 849 828 917 primos
845 852 889 901 tot
907 849 1013 901 miserit
1031 847 1118 903 Orcot
1231 862 1270 906 785

419 926 445 977 N
447 942 482 978 on
499 925 612 979 infelicis
629 925 735 992 patriae
752 929 933 992 veterumque
951 923 1065 976 deorum

420 1002 456 1055 Et
473 1002 565 1069 magni
583 1002 703 1070 Aeneae,
721 1017 824 1069 segnes,
843 1001 1011 1069 miseretque
1028 1000 1186 1068 pudetque?

419 1077 528 1130 Talibus
546 1077 650 1131 accensi
668 1078 820 1141 firmantur,
839 1080 868 1130 et
886 1076 994 1144 agmine
1012 1075 1096 1129 denso

419 1152 585 1207 Consistunt.
620 1152 728 1206 Turnus
744 1152 878 1222 paulatim
897 1151 1030 1205 excedere
1047 1153 1138 1219 pugna

418 1228 455 1281 Et
472 1229 583 1282 fluvium
601 1232 697 1298 petere
715 1244 746 1283 ac
763 1233 880 1298 partem,
899 1244 969 1296 quae
987 1227 1106 1295 cingitur
1123 1226 1205 1281 unda.
1231 1242 1271 1283 reo

399 1315 402 1321 ’
419 1305 519 1358 Acrius
536 1305 587 1358 hoe
606 1305 703 1359 Teucri
720 1305 838 1359 clamore
855 1303 1014 1357 incumbere
1031 1320 1137 1372 magno,

418 1379 455 1434 nt
471 1381 624 1448 glomerare
641 1397 765 1435 manum:
782 1397 832 1434 een
851 1388 961 1433 saevum
980 1378 1063 1432 turba
1078 1379 1186 1433 leonem

419 1456 489 1511 Oum
507 1458 571 1511 telis
588 1458 690 1524 premit
707 1457 833 1522 infensis3
851 1458 882 1509 at
899 1455 1014 1509 territus
1031 1455 1085 1522 ille,

419 1534 518 1602 Asper,
536 1533 634 1587 acerba
651 1536 739 1601 tuens,
757 1536 832 1587 retro
850 1532 939 1596 redit;
957 1534 986 1585 et
1003 1547 1092 1598 neque
1109 1534 1189 1599 terga

419 1609 466 1662 Ira
484 1610 551 1664 dare
568 1614 616 1663 aut
633 1610 721 1663 virtus
738 1609 852 1678 patitur,
870 1624 921 1662 nec
938 1606 1053 1661 tendere
1071 1610 1173 1676 eontra,
1231 1622 1269 1664 rec

419 1684 471 1742 Ille
490 1686 602 1753 quidem
618 1683 670 1738 hoc
687 1685 805 1753 cupiens,
822 1685 895 1752 potis
914 1687 957 1737 est
974 1699 1025 1752 per
1043 1683 1099 1737 tela
1114 1683 1249 1753 virosque.

419 1760 504 1813 Haud
521 1762 601 1814 aliter
618 1759 812 1824 retrodubius
830 1760 946 1827 vestigia
964 1759 1070 1812 Turnus

419 1837 600 1905 Inproperuta
617 1838 709 1904 refert,
727 1840 756 1890 et
773 1853 850 1890 mens
867 1839 1012 1890 exaestuat
1029 1836 1077 1889 ira.
1158 1901 1161 1905 ι

419 1913 490 1977 Quin
509 1913 591 1966 etiam
610 1913 652 1965 bis
669 1916 729 1965 turn
747 1912 851 1967 medios
869 1913 1007 1966 invaserat
1023 1911 1117 1978 hostis,

419 1988 467 2042 Bis
484 1988 595 2042 confusa
612 1989 677 2057 fuga
693 2005 743 2058 per
760 2005 853 2042 muros
871 1989 979 2057 agmina
996 1990 1094 2054 vertit;
1230 2006 1270 2045 soo

418 2064 474 2118 Sed
492 2081 587 2119 manus
605 2082 621 2119 e
639 2065 736 2119 castris
754 2081 873 2134 propere
891 2064 946 2118 coit
964 2064 1051 2117 omnis
1069 2064 1098 2116 in
1115 2081 1207 2133 unum,

418 2140 477 2196 Nec
495 2144 590 2195 contra
606 2142 673 2195 viris
691 2142 776 2195 audet
794 2140 922 2193 Saturnis
941 2140 1010 2193 Iuno

358 2232 364 2244 ¹
418 2215 561 2282 Sufficere3
578 2218 680 2270 aeriam
698 2217 772 2271 caelo
790 2233 853 2269 nam
873 2215 999 2284 Iuppiter
1018 2215 1085 2268 Irim

418 2291 542 2360 Demisit‚
560 2310 706 2361 germanae
722 2292 797 2346 haud
814 2292 905 2345 melfia
922 2291 996 2344 iussa
1012 2292 1153 2360 ferentem,

417 2367 455 2421 Ni
474 2368 581 2422 Turnus
598 2369 680 2422 oedat
698 2370 864 2432 Teucrorum
881 2367 1023 2421 moenibus
1041 2368 1111 2423 altis.
1229 2385 1269 2426 sot

418 2442 491 2511 Ergo
508 2460 558 2497 nec
575 2444 661 2512 clipeo
679 2444 784 2498 iuvenis
801 2443 952 2497 subsistere
968 2447 1076 2497 tantum

417 2518 444 2572 N
446 2535 476 2572 ec
494 2519 593 2573 dextra
610 2520 698 2585 valet;
715 2519 823 2573 iniectis
841 2519 880 2573 sic
897 2519 1019 2587 undique
1036 2520 1098 2573 telis

419 2593 558 2649 Obruitur.
594 2594 699 2663 Strepit
716 2595 831 2655 aslsiduo
849 2612 915 2649 cava
933 2598 1057 2664 tempora
1074 2595 1175 2650 circum

419 2670 529 2724 Tinnitu
546 2671 630 2738 galea
649 2673 678 2724 et
696 2671 768 2725 saxis
787 2671 873 2725 solida
891 2688 955 2725 aera
972 2662 1116 2738 fatiseudt',

368 2748 370 2751 ’
419 2747 618 2816 Discussasque
635 2746 715 2801 iubae
732 2748 829 2815 capiti3
847 2764 897 2801 nec
915 2746 1014 2800 sufficit
1031 2747 1114 2802 umbo
1229 2766 1268 2806 ero

419 2822 538 2888 Ictibus3
556 2823 723 2890 ingeminant
741 2824 827 2877 hastis
845 2827 874 2877 et
893 2823 976 2877 Troes
994 2823 1099 2892 etipse

419 2898 576 2952 Fulmineus
594 2899 762 2953 Mnestheus.
797 2899 865 2951 Tum
884 2902 943 2952 toto
961 2915 1074 2967 corpore
1091 2900 1174 2954 sudor

421 2974 546 3042 Liquitur
563 2978 592 3029 et
608 2974 758 3042 piceum—
768 2992 818 3029 nec
835 2975 971 3043 respirare
988 2978 1142 3043 potestas-

419 3050 534 3104 Flumen
551 3050 626 3118 egit3
643 3051 730 3105 fessos
748 3051 837 3120 quatit
856 3053 939 3119 aeger
956 3050 1093 3105 anhelitus
1110 3056 1193 3107 artus

418 3126 486 3178 Tum
505 3125 615 3179 demum
633 3143 764 3196 praeceps
782 3127 855 3180 saltu
873 3142 932 3180 sese
951 3127 1077 3181 omnibus
1094 3129 1177 3183 armis
1229 3145 1268 3185 sle

418 3202 453 3255 In
470 3202 582 3254 flurium
597 3200 682 3257 dedit.
718 3203 770 3255 Ille
787 3219 836 3262 suo
853 3218 916 3255 eum
933 3203 1042 3271 gurgite
1060 3203 1130 3257 flavo

418 3278 534 3346 Accepit
551 3278 706 3333 venientem
724 3296 755 3334 oc
773 3277 900 3332 mollibus
918 3280 1018 3334 extulit
1034 3278 1122 3347 undis,

417 3354 455 3408 nt
472 3353 574 3407 laetum
593 3355 672 3410 sociis
689 3356 785 3409 abluta
802 3353 886 3408 caedo
904 3355 1020 3410 remisit.
