3467 4367
700 627 891 679 BUOOLICA.
923 627 999 677 ECL.
1018 627 1067 676 VI.
1278 632 1310 679 13

452 711 542 766 Addit
560 725 590 763 sc
607 708 708 763 sociam
726 709 885 778 timidisque
901 707 1059 777 supervenit
1077 708 1176 776 Aegle,
1284 723 1311 765 aa

453 787 548 855 Aegle,
565 785 702 839 Naiadum
719 783 911 853 pulcherrima,
929 783 1039 851 iamque
1058 784 1163 839 videnti

450 862 613 930 Sanguineis
629 861 749 915 frontem
766 859 849 914 moris
867 863 898 913 ct
915 863 1039 927 tempora
1056 860 1154 929 pingit.

451 936 615 993 Ille-dolum
632 936 733 1007 ridens,
752 938 811 1002 Quo
829 935 936 990 vincula
953 936 1086 991 nectitisl
1103 938 1200 1006 inquit.

451 1014 556 1069 Solvite
573 1029 625 1079 me,
644 1014 736 1082 pueri;
753 1013 821 1066 satis
839 1016 883 1066 est
899 1013 1021 1081 potuisse
1040 1013 1136 1068 videri.

451 1089 587 1157 Carmina,
603 1106 675 1158 quae
693 1090 781 1153 voltis,
799 1088 973 1156 cognoscite3
991 1090 1112 1143 carmina
1129 1089 1213 1159 vobis,
1284 1106 1309 1146 as

452 1167 526 1220 Huic
543 1166 619 1219 aliud
635 1165 770 1219 mercedis
787 1165 849 1219 erit.
886 1164 972 1219 Simul
990 1164 1086 1233 incipit
1103 1166 1170 1234 ipse.

451 1243 521 1296 Tum
539 1257 603 1295 vcro
621 1242 649 1295 in
667 1258 811 1296 numerum
829 1240 993 1310 Faunosque
1011 1241 1139 1310 ferasque
1156 1241 1267 1297 videres

452 1318 570 1387 Ludere,
586 1321 647 1372 tum
664 1318 765 1385 rigidas
783 1320 889 1371 motare
907 1318 1046 1370 cacumina
1064 1333 1194 1386 quercus;

451 1394 479 1447 N
480 1410 512 1449 ec
528 1397 636 1450 tantum
657 1394 765 1447 Phoebo
782 1394 886 1462 gaudet
905 1393 1034 1447 Parnasia
1051 1410 1139 1462 rupes,

451 1471 512 1525 Nec
528 1474 638 1524 tantum
657 1470 789 1539 Rhodope
807 1470 923 1539 miratur
941 1473 971 1523 ct
989 1470 1110 1523 Ismarus
1128 1469 1247 1538 Orphea
1282 1483 1307 1522 so

452 1546 580 1615 Namque
597 1546 720 1614 canebat,
737 1546 779 1600 uti
797 1563 924 1614 magnum
943 1547 1091 1615 perinane
1109 1548 1203 1600 coacta

452 1621 563 1677 'demina
579 1626 770 1691 terrarumque
787 1623 949 1690 animaeque
966 1623 1103 1691 marisque
1120 1622 1237 1677 fuissent

456 1698 489 1752 st
506 1698 604 1768 liquidi
622 1698 702 1751 simul
719 1698 806 1765 ignis3
824 1697 916 1752 uthis
933 1698 1046 1751 exordia
1063 1699 1159 1768 primis

453 1772 552 1828 Omnia
568 1781 598 1829 et
615 1773 674 1843 ipse
691 1777 771 1828 tener
788 1774 885 1827 mimdi
903 1774 1072 1828 concreverit
1089 1774 1178 1841 orbis;

452 1848 523 1904 Tum
540 1849 640 1906 durare
658 1850 745 1904 solum
762 1853 792 1904 et
810 1849 965 1905 discludere
983 1850 1074 1905 Nerea
1091 1853 1176 1919 ponto
1281 1865 1306 1905 ss

451 1924 581 1995 Coeperit
598 1930 628 1980 et
646 1942 739 1980 rerum
756 1926 888 1995 paulatim
907 1944 1015 1981 sumere
1031 1928 1151 1994 formas;
1183 1955 1187 1966 ·

452 1999 568 2070 Iamque
585 2019 683 2057 novum
701 2006 792 2057 torrae
809 2006 939 2071 stupeant
956 2004 1093 2058 lucescere
1110 2003 1205 2071 solem,

453 2077 546 2130 Altius
564 2081 648 2147 atque
666 2079 766 2132 cadunt
783 2078 917 2133 submotis
935 2078 1053 2133 nubibus
1071 2078 1190 2143 imbres;

452 2153 691 2221 Incipiautsilvac
708 2170 770 2207 cum
787 2155 907 2223 primum
925 2171 1045 2221 surgere,
1064 2170 1180 2222 cumque

452 2229 527 2284 Rara
543 2245 594 2298 per
610 2231 719 2298 ignaros
737 2233 831 2284 errent
849 2230 977 2283 animalia
995 2230 1102 2283 montis.
1280 2245 1305 2283 so

452 2305 526 2359 Hinc
542 2306 648 2375 lapides
667 2305 786 2374 Pyrrhae
804 2306 898 2370 iactos,
916 2305 1044 2358 Saturnia
1061 2322 1153 2373 regna,

451 2381 651 2450 Caucasiasque
668 2382 752 2436 refert
769 2381 893 2435 volucres
910 2381 1068 2450 furtumque
1086 2381 1250 2437 Promethei.

451 2456 505 2510 His
522 2457 654 2525 adiungit,
673 2458 764 2527 Hylan
781 2461 883 2512 nautae
900 2474 955 2526 quo
972 2457 1048 2511 fonte
1064 2457 1189 2511 relictum

450 2532 627 2599 clamassent,
646 2536 678 2587 ut
695 2533 768 2602 litus,
789 2534 867 2601 Hyle,
887 2534 967 2602 Hyla,
985 2550 1065 2587 omne
1082 2536 1209 2598 souaret;

449 2608 488 2664 la
506 2608 680 2676 fortunatam,
699 2608 723 2662 si
740 2626 888 2678 numquam
907 2612 1032 2664 armenta
1048 2609 1171 2677 fuissent,
1279 2623 1304 2663 ss

449 2684 603 2754 Pasiphaen
620 2686 693 2739 nivei
710 2686 814 2740 solatur
831 2703 924 2742 amore
941 2686 1055 2741 iuvenci.

449 2761 504 2826 Ah
521 2761 598 2829 virgo
615 2762 717 2826 infelix,
736 2780 806 2831 quae
823 2768 853 2817 te
872 2763 1011 2817 dementia
1028 2763 1117 2832 cepit!

450 2836 594 2901 Proetides
612 2837 750 2906 inplerunt
767 2839 843 2893 falsis
862 2839 1012 2907 mugitibus
1030 2856 1124 2907 agros:

450 2918 490 2968 At
508 2931 562 2968 non
581 2918 638 2967 tem
655 2915 745 2982 turpis
762 2915 899 2983 pecudum
916 2917 1007 2968 tamen
1026 2916 1081 2968 ulla
1099 2917 1194 2968 secuta
1213 2916 1256 2969 est

447 2990 623 3060 Concubitus,
643 2991 766 3060 quamvis
784 2992 852 3043 collo
871 2990 1007 3043 timuisset
1025 2994 1146 3043 aratrum
1278 3004 1304 3043 so

448 3067 485 3123 Et
502 3085 584 3137 saepe
601 3068 631 3121 in
648 3068 701 3122 levi
719 3068 874 3137 quaesisset
891 3082 994 3120 cornua
1011 3067 1107 3119 fronte.

447 3146 507 3220 Ab,
521 3145 598 3214 virgo
616 3145 719 3212 infelix,
736 3148 769 3198 tu
786 3161 857 3199 nuno
873 3144 903 3197 iu
920 3142 1057 3196 montibus
1075 3157 1164 3197 errase

448 3222 508 3290 Ille,
525 3222 599 3275 latus
617 3223 726 3276 niveum
745 3220 819 3274 molli
837 3221 923 3274 fultus
941 3217 1094 3286 hyacintho,

448 3297 515 3351 Ilice
533 3297 584 3350 sub
603 3298 681 3365 nigra
699 3297 826 3367 pallentis
844 3296 965 3349 ruminat
983 3293 1089 3360 herbas,
1148 3293 1165 3320 Χ

448 3372 507 3427 Aut
514 3374 633 3442 aliquam
641 3374 670 3425 in
677 3391 775 3440 magno
780 3374 907 3441 sequitur
911 3388 1003 3439 grege.
1017 3367 1311 3436 Claudite,llqmphae,

447 3444 578 3503 Dictaeae
597 3448 620 3500 N
621 3450 744 3519 pasiphae,
763 3466 908 3505 nemorum
925 3447 984 3503 iam
1002 3444 1129 3503 claudite
1146 3443 1253 3503 suun,
1297 3450 1330 3485 te»

440 3522 475 3575 Β]
487 3540 541 3591 qua
556 3525 629 3578 forte
647 3526 741 3583 ferant
758 3530 848 3585 oculis
869 3548 934 3587 seso
954 3526 1042 3585 obvia
1057 3521 1174 3581 uostris

427 3592 592 3653 ffifflfflfflda
612 3601 692 3659 boris
713 3609 861 3681 vestigia,
881 3610 1013 3667 forsitan
1031 3605 1132 3667 illum,

414 3666 480 3752 A&
493 3670 584 3729 ΜΒ
602 3685 727 3751 captum
745 3687 851 3764 viridi,
873 3695 930 3749 aut
950 3686 1102 3748 armenta
1120 3671 1281 3732 seesima

946 3805 968 3838 β
