3467 4367
681 623 868 673 AENEIDOS
885 623 954 674 LIB.
974 623 1025 674 XI.
1234 625 1281 679 297

427 704 567 775 Oppetiit;
590 703 726 759 deviem
746 704 843 759 Asiam
862 703 988 759 subsedit
1006 704 1123 762 adulter.

428 780 564 834 Invidisse
584 780 658 847 deos,
679 780 776 848 patriis
794 783 827 833 ut
846 780 973 834 redditus
994 782 1048 835 aris

428 856 590 925 Coniugium
603 860 728 924 optatum
741 860 770 911 et
779 856 922 925 pulchram
936 857 1075 925 Calydona
1085 858 1226 913 videreml
1246 872 1282 915 aro

427 932 453 985 N
455 950 507 985 unc
524 928 609 985 etiam
626 931 750 985 horribili
767 932 828 986 visu
845 936 977 1001 portenta
995 937 1156 1002 sequuntur,

428 1008 465 1062 llt
482 1008 547 1062 socii
564 1008 658 1061 amissi
675 1008 818 1076 petierunt
835 1009 949 1063 aethera
966 1010 1064 1078 pennis

428 1083 653 1152 Fluminibusque
670 1087 805 1151 vagantur
822 1084 977 1139 ares-heu
996 1085 1056 1139 dira
1072 1102 1196 1140 meorum

427 1160 643 1229 Supplicial-et
660 1159 784 1229 scopulos
801 1160 951 1215 lacrimosis
968 1162 1079 1216 vocibus
1096 1162 1210 1231 inplent.

428 1236 506 1290 Haec
523 1236 592 1290 adeo
610 1253 645 1291 ex
662 1236 709 1289 illo
726 1236 793 1290 milri
811 1236 865 1290 iam
884 1237 1020 1306 speranda
1037 1238 1149 1292 fueruat
1248 1252 1285 1293 ars

427 1311 569 1381 Tempore,
587 1330 649 1367 cum
667 1313 741 1367 ferro
759 1312 889 1367 caelestia
905 1329 1019 1381 corpora
1037 1313 1151 1368 demens

428 1388 543 1457 Ad'patii
560 1392 590 1443 et
608 1389 726 1443 Veneris
744 1388 842 1443 violavi
861 1388 971 1443 volnere
989 1388 1125 1442 dextram.
1216 1393 1218 1398 '

427 1464 454 1517 N
456 1481 471 1517 e
489 1481 561 1531 vero,
579 1481 614 1518 ne
632 1464 731 1518 moad
749 1464 812 1518 talis
830 1463 954 1533 inpellite
970 1480 1085 1532 pugnas.
1233 1508 1236 1514 .
1335 1499 1338 1504 -

414 1540 488 1612 vNec
504 1540 571 1593 mihi
588 1555 651 1593 cum
670 1539 782 1593 Teucris
799 1539 885 1593 ullum
903 1543 967 1608 post
984 1542 1064 1594 eruta
1081 1539 1184 1594 bellum

406 1612 412 1619 ”
429 1617 579 1683 Pergama;
596 1631 647 1668 nec
665 1618 789 1669 vetemm
807 1615 918 1669 memini
935 1615 1057 1671 laetorve
1074 1615 1215 1671 malorum.
1247 1629 1285 1671 asc

428 1690 552 1758 Munera,
571 1707 643 1760 quae
660 1691 757 1760 patriis
775 1690 812 1745 ad
830 1708 874 1745 me
891 1692 1010 1760 portatis
1028 1692 1063 1746 ab
1082 1692 1144 1759 oris,

429 1766 539 1820 Vertite
555 1766 592 1820 ad
610 1769 731 1821 Aenean
768 1767 902 1822 Stetimus
922 1768 979 1822 tela
996 1784 1094 1838 aspera
1111 1770 1214 1836 uonna,

428 1843 654 1911 contulimusque
672 1860 781 1898 manus:
801 1847 916 1913 experto
933 1845 1046 1913 credite,
1064 1848 1185 1913 quantus

429 1921 463 1974 In
481 1920 596 1989 clipeum
615 1919 755 1987 adsurgat,
773 1936 828 1989 quo
846 1919 957 1974 turbine
975 1924 1105 1990 torqueat
1122 1921 1237 1976 hastam.

428 1997 457 2051 si
476 1996 530 2049 duo
548 1999 693 2064 praeterea
710 1996 773 2050 talis
792 1997 879 2050 Idaea
896 1998 1006 2052 tulisset
1247 2011 1285 2051 aaa

428 2070 511 2125 'lena
527 2072 607 2137 viros,
626 2072 698 2125 ultro
718 2072 843 2125 Inachias
861 2073 981 2127 venisset
999 2074 1035 2126 ad
1053 2073 1135 2127 urbes

429 2147 581 2214 Dardanus,
598 2150 628 2201 et
645 2148 731 2202 versis
748 2147 857 2215 lugeret
875 2149 991 2203 Graecia
1007 2150 1079 2203 fatis.

430 2221 570 2290 Quidquid
588 2223 661 2291 apud
678 2223 764 2277 durae
782 2229 919 2279 cessatum
937 2228 980 2279 est
997 2225 1103 2278 moenia
1122 2225 1225 2292 Troiae,

430 2298 743 2368 HectorisAeneaeque
761 2317 843 2354 manu
862 2300 975 2355 victoria
993 2300 1106 2354 Graium

430 2373 530 2428 Haesit
548 2378 577 2430 et
594 2377 622 2429 in
641 2377 787 2431 decumum
805 2376 923 2444 vestigia
939 2376 1049 2431 rettulit
1066 2392 1172 2431 annum.
1248 2392 1285 2432 aec

430 2450 520 2503 Ambo
538 2452 643 2521 animis,
660 2452 740 2507 ambo
757 2453 878 2521 insignes
895 2451 1100 2522 praestantibus
1117 2452 1215 2520 armis3

429 2526 483 2580 Hic
501 2528 605 2596 pictate
622 2529 704 2597 prior.
741 2529 846 2583 Coeant
863 2529 892 2582 in
910 2528 1021 2583 foedera
1039 2528 1162 2597 dextrae,

429 2602 490 2666 Qua
508 2603 605 2669 datur3
623 2608 667 2658 ast
685 2604 768 2657 armis
785 2608 950 2659 concurrant
968 2621 1044 2658 arma
1061 2608 1164 2659 cavete.

428 2677 465 2732 Et
482 2695 613 2745 responsa
631 2679 711 2732 simul
729 2697 800 2748 quae
818 2680 880 2746 sint,
898 2697 949 2734 rex
967 2683 1085 2748 optume,
1104 2681 1179 2748 regis

429 2753 552 2820 Audisti,
567 2757 596 2808 et
614 2754 739 2822 quaesit
757 2771 855 2822 magno
875 2756 1012 2809 sententia
1029 2755 1108 2808 bello.
1249 2772 1285 2811 aar

464 2827 520 2880 Vix
538 2844 571 2881 ea
588 2827 685 2895 legati:
704 2830 851 2898 variusque
867 2847 919 2898 per
936 2846 985 2883 ora
1002 2829 1123 2884 cucurrit

429 2903 602 2957 Ausonidum
620 2902 732 2957 turbata
749 2904 865 2969 fremor;
888 2921 938 2959 ceu
956 2922 1022 2959 saxa
1039 2909 1181 2961 morantur

429 2980 499 3034 Cum
517 2979 629 3048 rapidos
646 2979 739 3044 amnis,
757 2979 790 3032 fit
811 2978 902 3033 clauso
919 2981 1029 3048 gurgite
1047 2998 1176 3049 murmur,

429 3056 598 3126 Vicinosque
615 3056 735 3110 fremunt
752 3056 829 3123 ripae
846 3055 1045 3124 crepitantibus
1064 3056 1152 3111 undis.

429 3130 471 3185 Ut
487 3133 606 3201 primum
623 3132 723 3201 placati
742 3131 833 3200 animi,
851 3134 882 3185 et
900 3131 1008 3199 trepida
1025 3147 1073 3184 ora
1091 3132 1228 3202 quierunt,
1249 3149 1287 3188 aoo

431 3207 575 3261 Praefatus
593 3209 670 3262 divos
689 3208 756 3261 solio
774 3224 824 3261 rex
842 3206 905 3262 infit
922 3206 957 3260 ab
975 3206 1045 3262 alto:

466 3284 541 3337 Ante
559 3283 687 3352 equidem
705 3300 810 3337 summa
828 3284 865 3338 de
883 3300 914 3337 re
932 3283 1068 3350 statuisse,
1088 3282 1188 3351 Latini,

432 3358 468 3411 llt
485 3358 590 3426 vellem,
608 3362 637 3413 ct
654 3359 745 3414 fuerat
762 3360 877 3425 melius;
894 3375 948 3413 non
966 3362 1090 3427 tempore
1108 3359 1159 3413 tali

432 3435 537 3502 Cogere
553 3435 703 3503 concilium,
720 3452 781 3489 cunr
799 3452 893 3490 muros
911 3434 1020 3489 adsidet
1038 3436 1132 3491 hostis

432 3510 540 3564 Bellum
557 3510 740 3577 inportunum,
759 3512 841 3582 cives,
859 3515 1028 3581 cumgente
1046 3512 1171 3564 deorum
1267 3518 1316 3551 Q

426 3586 596 3653 Inrietisque
615 3586 682 3641 viris
699 3589 836 3661 gerimus,
856 3606 933 3662 quos
947 3588 1033 3644 nmis
1045 3584 1181 3653 saurgom

415 3658 533 3727 Proelia,
547 3679 599 3716 nec
619 3664 688 3720 victi
708 3671 835 3739 possunt
856 3668 1012 3724 absistere
1031 3666 1126 3722 ramo.
