3467 4367
624 590 658 641 Ρ.Ι
673 591 829 641 VERGILI
846 591 1013 642 MARONIS

585 756 1062 833 AENEIDOS

667 945 785 1001 LIBER
804 944 981 1011 QUINTUS.

772 1103 875 1135 ...0-

398 1220 527 1275 Insanus
544 1222 665 1276 medium
683 1226 794 1278 Aeneas
810 1224 865 1277 iam
883 1223 969 1278 classe
987 1222 1100 1280 tenebat

397 1296 497 1350 Certus
514 1298 575 1365 iter,
593 1297 745 1367 fluctusque
763 1303 837 1353 atros
855 1299 983 1367 aquilone
1000 1298 1117 1366 secabat,

397 1372 506 1427 Moenia
523 1374 678 1442 respiciens,
697 1391 767 1441 quac
785 1376 839 1429 iam
856 1374 970 1428 infelicis
990 1373 1094 1429 Elissae

397 1448 546 1503 Conlucent
563 1450 686 1503 flammis.
724 1450 800 1514 Quae
818 1452 928 1505 tantum
945 1450 1102 1505 accenderit
1120 1454 1221 1523 ignem,

397 1524 499 1580 Caussa
516 1526 600 1591 latet;
618 1526 679 1580 duri
696 1543 800 1594 magno·
814 1527 864 1580 sed
882 1542 974 1580 amore
992 1525 1101 1581 dolores
1238 1545 1252 1584 ε

396 1599 512 1669 Polluto,
530 1605 686 1671 notumque,
705 1603 798 1656 furens
816 1602 884 1671 quid
901 1602 1001 1656 femina
1019 1604 1113 1672 possit,

364 1675 367 1680 ’
397 1675 486 1732 'l'riste
504 1696 553 1748 per
570 1679 714 1747 augurium
733 1678 899 1733 Teucrorum
917 1681 1027 1747 pectora
1046 1678 1157 1734 ducrmt.

430 1754 471 1809 Ut
488 1757 600 1824 pelagus
617 1761 731 1810 tenuero
749 1759 829 1825 rates,
848 1771 899 1809 nec
916 1755 970 1808 iarn
989 1754 1105 1823 amplius
1121 1755 1178 1811 ulla

396 1830 523 1886 Occurrit
541 1834 629 1901 tellus,
647 1833 733 1887 maria
750 1832 872 1901 undique
891 1834 920 1885 ct
937 1831 1060 1900 undiquc
1077 1831 1191 1901 caelum,

396 1906 450 1962 Olli
467 1909 606 1963 caeruleus
624 1927 708 1978 supra
725 1913 809 1978 caput
828 1908 938 1962 adstitit
956 1906 1051 1973 imber,
1223 1905 1251 1963 ἰο

395 1984 511 2039 Noctem
529 1986 701 2053 hiememque
718 1985 817 2052 ferens,
832 1988 860 2038 et
877 1983 1012 2038 inhorruit
1029 1983 1104 2037 unda
1120 1982 1250 2038 tenebris

396 2060 461 2128 Ipse
477 2060 644 2127 gubernator
661 2060 745 2129 puppi
765 2060 909 2113 Palinurus
927 2058 963 2113 ab
981 2058 1051 2113 alta:

396 2135 474 2189 Heu!
494 2136 619 2203 quianam
638 2137 708 2190 tanti
726 2136 870 2189 cinxerunt
888 2136 1001 2189 aethera
1018 2134 1122 2190 nimbil

396 2210 508 2277 Quidve,
525 2214 605 2279 pater
622 2212 758 2280 Neptune,
776 2214 873 2280 parasl
909 2212 953 2266 Sic
971 2212 1071 2267 deinde
1088 2212 1195 2265 locutus

395 2286 530 2354 Colligere
547 2303 624 2340 arma
639 2287 717 2341 iubet
734 2288 887 2357 validisque
904 2287 1061 2341 incumbere
1079 2287 1170 2349 remis,
1228 2300 1253 2341 15

395 2362 581 2433 Obliquatque
598 2364 672 2418 sinus
689 2365 717 2418 in
736 2369 856 2433 ventum,
875 2380 906 2417 ac
923 2364 989 2419 talia
1008 2365 1095 2418 fatur:

395 2439 568 2507 Magnanimo
587 2443 690 2510 Aenea,
708 2457 769 2507 non,
787 2441 811 2495 si
829 2440 896 2495 mihi
915 2440 1041 2509 luppiter
1059 2442 1155 2494 auctor

394 2515 541 2584 Spondcat,
559 2517 609 2572 hoc
627 2534 734 2586 sperem
753 2518 863 2572 Italiam
883 2516 1040 2585 contingere
1058 2515 1141 2570 caelo.
1379 2502 1381 2576 i

394 2591 496 2648 Mutati
513 2596 668 2648 transversa
685 2595 806 2648 fremunt
825 2597 854 2648 et
873 2607 987 2661 vespere
1008 2592 1044 2646 ab
1061 2595 1123 2646 atro
1379 2622 1381 2675 t

394 2668 568 2736 Consurgunt
585 2670 667 2737 venti,
686 2674 770 2739 atque
788 2670 816 2723 in
834 2668 935 2723 nubem
953 2669 1060 2737 cogitur
1077 2684 1131 2723 aer.
1228 2680 1254 2721 ac

394 2743 420 2796 N
422 2760 453 2798 ec
470 2760 519 2798 nos
537 2746 623 2799 obniti
640 2750 743 2814 contra,
760 2763 811 2799 nec
828 2745 946 2799 tendere
967 2749 1077 2799 tautum
1380 2747 1381 2795 l

393 2820 552 2875 sufficimus
587 2822 705 2890 Superat
722 2823 849 2890 quoniam
868 2821 997 2889 Fortuna,
1018 2835 1172 2889 sequamur,
1380 2808 1381 2853 l

394 2898 507 2965 Quoque
525 2902 610 2966 vocat,
628 2901 766 2952 vertamus
783 2898 843 2952 iter.
880 2896 907 2950 N
908 2914 939 2952 ec
955 2896 1038 2951 litora
1055 2896 1136 2964 longe

393 2972 462 3027 Fida
480 2991 542 3028 reor
559 2974 682 3028 fraterna
701 2973 796 3042 Erycis
813 2976 965 3043 portusque
984 2972 1102 3041 Sicanos,

377 3046 415 3097 Si
425 3049 513 3101 modo
528 3050 586 3103 rite
602 3064 711 3103 memor
729 3052 839 3104 servata
855 3048 987 3103 remetior
1005 3052 1086 3102 astra.
1227 3062 1253 3104 aa

362 3116 435 3170 Tum
450 3124 521 3189 pius
538 3127 671 3183 Aeneas:
691 3127 838 3200 Equidem
858 3127 901 3184 sic
916 3142 1034 3199 poscere
1050 3125 1149 3178 uentos

356 3183 529 3279 [aimundum
551 3206 582 3257 et
601 3204 722 3264 frrrstra
739 3226 829 3265 cerno
847 3211 884 3265 te
903 3204 1026 3263 tondere
1044 3203 1155 3257 contra.

356 3258 438 3320 ‘⁶⁰2⁰
460 3272 537 3333 viam
559 3282 643 3343 uelis.
686 3289 739 3345 An
760 3289 806 3348 sit
824 3287 904 3345 mihi
921 3282 1035 3358 gratior
1051 3276 1123 3335 ullu.
