<?xml version="1.0" encoding="UTF-8"?>
<!DOCTYPE html PUBLIC "-//W3C//DTD XHTML 1.0 Transitional//EN"
    "http://www.w3.org/TR/xhtml1/DTD/xhtml1-transitional.dtd">
<html xmlns="http://www.w3.org/1999/xhtml" xml:lang="en" lang="en">
 <head>
  <title>
</title>
<meta http-equiv="Content-Type" content="text/html;charset=utf-8" />
  <meta name='ocr-system' content='tesseract 3.04.00' />
  <meta name='ocr-capabilities' content='ocr_page ocr_carea ocr_par ocr_line ocrx_word'/>
</head>
<body>
  <div class='ocr_page' id='page_1' title='image "./publivergilimar02virggoog/publivergilimar02virggoog_0059.png"; bbox 0 0 3467 4367; ppageno 0'>
   <div class='ocr_carea' id='block_1_1' title="bbox 698 617 1290 667">
    <p class='ocr_par' dir='ltr' id='par_1_1' title="bbox 698 617 1290 667">
     <span class='ocr_line' id='line_1_1' title="bbox 698 617 1290 667; baseline 0 -2"><span class='ocrx_word' id='word_1_1' title='bbox 698 617 904 666; x_wconf 82' lang='lat' dir='ltr'><strong>GEORGICON</strong></span> <span class='ocrx_word' id='word_1_2' title='bbox 923 617 990 667; x_wconf 88' lang='lat' dir='ltr'>LIB.</span> <span class='ocrx_word' id='word_1_3' title='bbox 1008 619 1044 667; x_wconf 88' lang='lat'><strong>11.</strong></span> <span class='ocrx_word' id='word_1_4' title='bbox 1259 620 1290 667; x_wconf 80' lang='grc'><strong>49</strong></span> 
     </span>
    </p>
   </div>
   <div class='ocr_carea' id='block_1_2' title="bbox 366 697 1305 3587">
    <p class='ocr_par' dir='ltr' id='par_1_2' title="bbox 438 697 1292 842">
     <span class='ocr_line' id='line_1_2' title="bbox 438 697 1292 767; baseline -0.005 -12"><span class='ocrx_word' id='word_1_5' title='bbox 438 701 499 755; x_wconf 86' lang='lat' dir='ltr'><strong>Hoc</strong></span> <span class='ocrx_word' id='word_1_6' title='bbox 515 698 646 767; x_wconf 84' lang='lat' dir='ltr'>pinguem</span> <span class='ocrx_word' id='word_1_7' title='bbox 664 702 694 752; x_wconf 91' lang='lat' dir='ltr'><strong>et</strong></span> <span class='ocrx_word' id='word_1_8' title='bbox 711 697 839 766; x_wconf 76' lang='lat' dir='ltr'><strong>placitam</strong></span> <span class='ocrx_word' id='word_1_9' title='bbox 859 698 923 752; x_wconf 82' lang='lat' dir='ltr'>Paci</span> <span class='ocrx_word' id='word_1_10' title='bbox 942 700 1061 753; x_wconf 90' lang='lat' dir='ltr'><strong>nutritor</strong></span> <span class='ocrx_word' id='word_1_11' title='bbox 1077 698 1185 752; x_wconf 86' lang='lat' dir='ltr'><strong>olivam.</strong></span> <span class='ocrx_word' id='word_1_12' title='bbox 1254 713 1292 751; x_wconf 80' lang='lat' dir='ltr'><strong>aaa</strong></span> 
     </span>
     <span class='ocr_line' id='line_1_3' title="bbox 472 773 1270 842; baseline -0.001 -14"><span class='ocrx_word' id='word_1_13' title='bbox 472 775 558 829; x_wconf 89' lang='lat' dir='ltr'><strong>Poma</strong></span> <span class='ocrx_word' id='word_1_14' title='bbox 576 790 693 842; x_wconf 92' lang='lat' dir='ltr'><strong>quoque,</strong></span> <span class='ocrx_word' id='word_1_15' title='bbox 711 778 743 827; x_wconf 92' lang='lat' dir='ltr'><strong>ut</strong></span> <span class='ocrx_word' id='word_1_16' title='bbox 761 775 878 842; x_wconf 91' lang='lat' dir='ltr'><strong>primum</strong></span> <span class='ocrx_word' id='word_1_17' title='bbox 895 778 1007 830; x_wconf 89' lang='lat' dir='ltr'><strong>truncos</strong></span> <span class='ocrx_word' id='word_1_18' title='bbox 1025 792 1135 829; x_wconf 91' lang='lat' dir='ltr'><strong>sensere</strong></span> <span class='ocrx_word' id='word_1_19' title='bbox 1152 773 1270 828; x_wconf 85' lang='lat' dir='ltr'><strong>valentis</strong></span> 
     </span>
    </p>

    <p class='ocr_par' dir='ltr' id='par_1_3' title="bbox 434 850 1071 921">
     <span class='ocr_line' id='line_1_4' title="bbox 434 850 1071 921; baseline -0.002 -15"><span class='ocrx_word' id='word_1_20' title='bbox 434 853 474 906; x_wconf 79' lang='lat' dir='ltr'><strong>Et</strong></span> <span class='ocrx_word' id='word_1_21' title='bbox 493 852 558 904; x_wconf 85' lang='lat' dir='ltr'><strong>viris</strong></span> <span class='ocrx_word' id='word_1_22' title='bbox 577 850 698 903; x_wconf 86' lang='lat' dir='ltr'><strong>habuere</strong></span> <span class='ocrx_word' id='word_1_23' title='bbox 717 866 787 917; x_wconf 89' lang='lat' dir='ltr'><strong>suas,</strong></span> <span class='ocrx_word' id='word_1_24' title='bbox 806 850 843 903; x_wconf 90' lang='lat' dir='ltr'><strong>ad</strong></span> <span class='ocrx_word' id='word_1_25' title='bbox 861 852 953 905; x_wconf 88' lang='lat' dir='ltr'><strong>sidera</strong></span> <span class='ocrx_word' id='word_1_26' title='bbox 971 853 1071 921; x_wconf 87' lang='lat' dir='ltr'><strong>raptim</strong></span> 
     </span>
    </p>

    <p class='ocr_par' dir='ltr' id='par_1_4' title="bbox 435 926 1268 997">
     <span class='ocr_line' id='line_1_5' title="bbox 435 926 1268 997; baseline -0.001 -15"><span class='ocrx_word' id='word_1_27' title='bbox 435 928 473 982; x_wconf 82' lang='lat' dir='ltr'><strong>Vi</strong></span> <span class='ocrx_word' id='word_1_28' title='bbox 491 928 602 997; x_wconf 90' lang='lat' dir='ltr'><strong>propria</strong></span> <span class='ocrx_word' id='word_1_29' title='bbox 620 928 747 979; x_wconf 90' lang='lat' dir='ltr'><strong>nituntur</strong></span> <span class='ocrx_word' id='word_1_30' title='bbox 765 927 880 996; x_wconf 80' lang='lat' dir='ltr'><strong>opisque</strong></span> <span class='ocrx_word' id='word_1_31' title='bbox 898 927 973 981; x_wconf 88' lang='lat' dir='ltr'><strong>haud</strong></span> <span class='ocrx_word' id='word_1_32' title='bbox 991 928 1085 995; x_wconf 83' lang='lat' dir='ltr'><strong>indiga</strong></span> <span class='ocrx_word' id='word_1_33' title='bbox 1102 931 1219 981; x_wconf 90' lang='lat' dir='ltr'><strong>nostrae.</strong></span> <span class='ocrx_word' id='word_1_34' title='bbox 1256 926 1268 934; x_wconf 83' lang='lat'>&#39;</span> 
     </span>
    </p>

    <p class='ocr_par' dir='ltr' id='par_1_5' title="bbox 434 1002 1178 1072">
     <span class='ocr_line' id='line_1_6' title="bbox 434 1002 1178 1072; baseline -0.004 -13"><span class='ocrx_word' id='word_1_35' title='bbox 434 1004 462 1059; x_wconf 84' lang='lat' dir='ltr'>N</span> <span class='ocrx_word' id='word_1_36' title='bbox 464 1020 497 1058; x_wconf 89' lang='lat' dir='ltr'><strong>ee</strong></span> <span class='ocrx_word' id='word_1_37' title='bbox 514 1006 604 1056; x_wconf 90' lang='lat' dir='ltr'><strong>minus</strong></span> <span class='ocrx_word' id='word_1_38' title='bbox 623 1002 729 1056; x_wconf 89' lang='lat' dir='ltr'><strong>interea</strong></span> <span class='ocrx_word' id='word_1_39' title='bbox 747 1003 806 1056; x_wconf 87' lang='lat' dir='ltr'><strong>fetu</strong></span> <span class='ocrx_word' id='word_1_40' title='bbox 823 1020 920 1056; x_wconf 87' lang='lat' dir='ltr'><strong>nemus</strong></span> <span class='ocrx_word' id='word_1_41' title='bbox 937 1020 1017 1057; x_wconf 89' lang='lat' dir='ltr'><strong>omne</strong></span> <span class='ocrx_word' id='word_1_42' title='bbox 1034 1004 1178 1072; x_wconf 76' lang='lat' dir='ltr'><strong>gravescit,</strong></span> 
     </span>
    </p>

    <p class='ocr_par' dir='ltr' id='par_1_6' title="bbox 435 1079 1292 1149">
     <span class='ocr_line' id='line_1_7' title="bbox 435 1079 1292 1149; baseline -0.001 -15"><span class='ocrx_word' id='word_1_43' title='bbox 435 1080 654 1149; x_wconf 82' lang='lat' dir='ltr'><strong>Sanguineisque</strong></span> <span class='ocrx_word' id='word_1_44' title='bbox 672 1079 776 1133; x_wconf 89' lang='lat' dir='ltr'><strong>inculta</strong></span> <span class='ocrx_word' id='word_1_45' title='bbox 793 1079 895 1133; x_wconf 90' lang='lat' dir='ltr'><strong>rubent</strong></span> <span class='ocrx_word' id='word_1_46' title='bbox 913 1080 1015 1133; x_wconf 87' lang='lat' dir='ltr'><strong>aviaria</strong></span> <span class='ocrx_word' id='word_1_47' title='bbox 1033 1080 1119 1134; x_wconf 89' lang='lat' dir='ltr'><strong>bacis:</strong></span> <span class='ocrx_word' id='word_1_48' title='bbox 1256 1094 1292 1133; x_wconf 71' lang='lat' dir='ltr'><strong>seo</strong></span> 
     </span>
    </p>

    <p class='ocr_par' dir='ltr' id='par_1_7' title="bbox 435 1156 1140 1226">
     <span class='ocr_line' id='line_1_8' title="bbox 435 1156 1140 1226; baseline -0.003 -14"><span class='ocrx_word' id='word_1_49' title='bbox 435 1157 598 1212; x_wconf 78' lang='lat' dir='ltr'><strong>Tondentur</strong></span> <span class='ocrx_word' id='word_1_50' title='bbox 616 1157 702 1226; x_wconf 81' lang='lat' dir='ltr'><strong>cytisi,</strong></span> <span class='ocrx_word' id='word_1_51' title='bbox 720 1157 817 1210; x_wconf 85' lang='lat' dir='ltr'><strong>taedas</strong></span> <span class='ocrx_word' id='word_1_52' title='bbox 835 1156 902 1210; x_wconf 86' lang='lat' dir='ltr'><strong>silva</strong></span> <span class='ocrx_word' id='word_1_53' title='bbox 921 1157 977 1211; x_wconf 87' lang='lat' dir='ltr'><strong>alta</strong></span> <span class='ocrx_word' id='word_1_54' title='bbox 995 1157 1140 1222; x_wconf 82' lang='lat' dir='ltr'><strong>ministrat,</strong></span> 
     </span>
    </p>

    <p class='ocr_par' dir='ltr' id='par_1_8' title="bbox 436 1232 1203 1302">
     <span class='ocr_line' id='line_1_9' title="bbox 436 1232 1203 1302; baseline 0.001 -16"><span class='ocrx_word' id='word_1_55' title='bbox 436 1232 646 1302; x_wconf 85' lang='lat' dir='ltr'><strong>Pascunturque</strong></span> <span class='ocrx_word' id='word_1_56' title='bbox 663 1232 741 1301; x_wconf 89' lang='lat' dir='ltr'><strong>ignes</strong></span> <span class='ocrx_word' id='word_1_57' title='bbox 759 1233 886 1288; x_wconf 79' lang='lat' dir='ltr'>nocturni</span> <span class='ocrx_word' id='word_1_58' title='bbox 905 1237 934 1287; x_wconf 89' lang='lat' dir='ltr'><strong>et</strong></span> <span class='ocrx_word' id='word_1_59' title='bbox 951 1233 1055 1286; x_wconf 90' lang='lat' dir='ltr'><strong>lumina</strong></span> <span class='ocrx_word' id='word_1_60' title='bbox 1072 1232 1203 1287; x_wconf 90' lang='lat' dir='ltr'><strong>fundunt:</strong></span> 
     </span>
    </p>

    <p class='ocr_par' dir='ltr' id='par_1_9' title="bbox 435 1309 1272 1379">
     <span class='ocr_line' id='line_1_10' title="bbox 435 1309 1272 1379; baseline -0.002 -16"><span class='ocrx_word' id='word_1_61' title='bbox 435 1310 473 1364; x_wconf 80' lang='lat' dir='ltr'><strong>Et</strong></span> <span class='ocrx_word' id='word_1_62' title='bbox 491 1309 620 1363; x_wconf 86' lang='lat' dir='ltr'><strong>dubitant</strong></span> <span class='ocrx_word' id='word_1_63' title='bbox 638 1309 762 1363; x_wconf 87' lang='lat' dir='ltr'><strong>homines</strong></span> <span class='ocrx_word' id='word_1_64' title='bbox 779 1326 871 1363; x_wconf 89' lang='lat' dir='ltr'><strong>serere</strong></span> <span class='ocrx_word' id='word_1_65' title='bbox 891 1314 974 1378; x_wconf 88' lang='lat' dir='ltr'><strong>atque</strong></span> <span class='ocrx_word' id='word_1_66' title='bbox 994 1309 1143 1379; x_wconf 81' lang='lat' dir='ltr'><strong>inpendere</strong></span> <span class='ocrx_word' id='word_1_67' title='bbox 1160 1309 1272 1361; x_wconf 86' lang='lat' dir='ltr'><strong>curaml</strong></span> 
     </span>
    </p>

    <p class='ocr_par' dir='ltr' id='par_1_10' title="bbox 436 1385 1228 1455">
     <span class='ocr_line' id='line_1_11' title="bbox 436 1385 1228 1455; baseline 0 -16"><span class='ocrx_word' id='word_1_68' title='bbox 436 1385 512 1451; x_wconf 86' lang='lat' dir='ltr'><strong>Quid</strong></span> <span class='ocrx_word' id='word_1_69' title='bbox 529 1386 633 1439; x_wconf 86' lang='lat' dir='ltr'><strong>maiora</strong></span> <span class='ocrx_word' id='word_1_70' title='bbox 651 1388 767 1455; x_wconf 88' lang='lat' dir='ltr'><strong>sequarl</strong></span> <span class='ocrx_word' id='word_1_71' title='bbox 787 1386 883 1440; x_wconf 81' lang='lat' dir='ltr'><strong>salices</strong></span> <span class='ocrx_word' id='word_1_72' title='bbox 901 1386 1074 1454; x_wconf 81' lang='lat' dir='ltr'><strong>humilesque</strong></span> <span class='ocrx_word' id='word_1_73' title='bbox 1092 1388 1228 1453; x_wconf 79' lang='lat' dir='ltr'><strong>genestae,</strong></span> 
     </span>
    </p>

    <p class='ocr_par' dir='ltr' id='par_1_11' title="bbox 435 1461 1292 1532">
     <span class='ocr_line' id='line_1_12' title="bbox 435 1461 1292 1532; baseline -0.005 -16"><span class='ocrx_word' id='word_1_74' title='bbox 435 1465 498 1516; x_wconf 82' lang='lat' dir='ltr'><strong>Aut</strong></span> <span class='ocrx_word' id='word_1_75' title='bbox 514 1462 578 1517; x_wconf 89' lang='lat' dir='ltr'><strong>illae</strong></span> <span class='ocrx_word' id='word_1_76' title='bbox 594 1463 687 1532; x_wconf 89' lang='lat' dir='ltr'><strong>pecori</strong></span> <span class='ocrx_word' id='word_1_77' title='bbox 706 1462 831 1517; x_wconf 89' lang='lat' dir='ltr'><strong>frondem</strong></span> <span class='ocrx_word' id='word_1_78' title='bbox 850 1467 898 1516; x_wconf 88' lang='lat' dir='ltr'><strong>aut</strong></span> <span class='ocrx_word' id='word_1_79' title='bbox 917 1463 1072 1532; x_wconf 88' lang='lat' dir='ltr'><strong>pastoribus</strong></span> <span class='ocrx_word' id='word_1_80' title='bbox 1090 1461 1201 1516; x_wconf 87' lang='lat' dir='ltr'><strong>umbras</strong></span> <span class='ocrx_word' id='word_1_81' title='bbox 1255 1474 1292 1512; x_wconf 80' lang='lat' dir='ltr'><strong>aas</strong></span> 
     </span>
    </p>

    <p class='ocr_par' dir='ltr' id='par_1_12' title="bbox 435 1537 1120 1608">
     <span class='ocr_line' id='line_1_13' title="bbox 435 1537 1120 1608; baseline -0.003 -15"><span class='ocrx_word' id='word_1_82' title='bbox 435 1537 586 1604; x_wconf 80' lang='lat' dir='ltr'><strong>Sufficiunt,</strong></span> <span class='ocrx_word' id='word_1_83' title='bbox 606 1555 770 1608; x_wconf 82' lang='lat' dir='ltr'><strong>saepemque</strong></span> <span class='ocrx_word' id='word_1_84' title='bbox 790 1539 856 1592; x_wconf 86' lang='lat' dir='ltr'><strong>satis</strong></span> <span class='ocrx_word' id='word_1_85' title='bbox 875 1543 904 1593; x_wconf 91' lang='lat' dir='ltr'><strong>et</strong></span> <span class='ocrx_word' id='word_1_86' title='bbox 921 1539 1021 1608; x_wconf 90' lang='lat' dir='ltr'><strong>pabula</strong></span> <span class='ocrx_word' id='word_1_87' title='bbox 1039 1537 1120 1591; x_wconf 90' lang='lat' dir='ltr'><strong>melli.</strong></span> 
     </span>
    </p>

    <p class='ocr_par' dir='ltr' id='par_1_13' title="bbox 435 1615 1120 1684">
     <span class='ocr_line' id='line_1_14' title="bbox 435 1615 1120 1684; baseline -0.001 -16"><span class='ocrx_word' id='word_1_88' title='bbox 435 1616 474 1669; x_wconf 83' lang='lat' dir='ltr'><strong>Et</strong></span> <span class='ocrx_word' id='word_1_89' title='bbox 491 1615 567 1669; x_wconf 85' lang='lat' dir='ltr'><strong>iurat</strong></span> <span class='ocrx_word' id='word_1_90' title='bbox 584 1616 736 1668; x_wconf 90' lang='lat' dir='ltr'><strong>undantem</strong></span> <span class='ocrx_word' id='word_1_91' title='bbox 755 1615 828 1668; x_wconf 83' lang='lat' dir='ltr'><strong>buxo</strong></span> <span class='ocrx_word' id='word_1_92' title='bbox 847 1620 971 1684; x_wconf 85' lang='lat' dir='ltr'><strong>spectare</strong></span> <span class='ocrx_word' id='word_1_93' title='bbox 990 1616 1120 1683; x_wconf 79' lang='lat' dir='ltr'><strong>Cytorum</strong></span> 
     </span>
    </p>

    <p class='ocr_par' dir='ltr' id='par_1_14' title="bbox 436 1690 1102 1760">
     <span class='ocr_line' id='line_1_15' title="bbox 436 1690 1102 1760; baseline 0.002 -17"><span class='ocrx_word' id='word_1_94' title='bbox 436 1690 626 1760; x_wconf 81' lang='lat' dir='ltr'><strong>Naryciaeque</strong></span> <span class='ocrx_word' id='word_1_95' title='bbox 645 1692 713 1760; x_wconf 85' lang='lat' dir='ltr'><strong>picis</strong></span> <span class='ocrx_word' id='word_1_96' title='bbox 731 1691 813 1759; x_wconf 87' lang='lat' dir='ltr'><strong>lucos,</strong></span> <span class='ocrx_word' id='word_1_97' title='bbox 832 1691 907 1745; x_wconf 89' lang='lat' dir='ltr'><strong>iuvat</strong></span> <span class='ocrx_word' id='word_1_98' title='bbox 926 1708 991 1745; x_wconf 88' lang='lat' dir='ltr'><strong>arva</strong></span> <span class='ocrx_word' id='word_1_99' title='bbox 1009 1691 1102 1745; x_wconf 89' lang='lat' dir='ltr'><strong>videre</strong></span> 
     </span>
    </p>

    <p class='ocr_par' dir='ltr' id='par_1_15' title="bbox 435 1766 1160 1835">
     <span class='ocr_line' id='line_1_16' title="bbox 435 1766 1160 1835; baseline -0.003 -14"><span class='ocrx_word' id='word_1_100' title='bbox 435 1766 500 1821; x_wconf 85' lang='lat' dir='ltr'><strong>Non</strong></span> <span class='ocrx_word' id='word_1_101' title='bbox 517 1767 621 1835; x_wconf 85' lang='lat' dir='ltr'><strong>rastris,</strong></span> <span class='ocrx_word' id='word_1_102' title='bbox 641 1768 781 1833; x_wconf 81' lang='lat' dir='ltr'><strong>hominum</strong></span> <span class='ocrx_word' id='word_1_103' title='bbox 799 1784 853 1821; x_wconf 92' lang='lat' dir='ltr'><strong>non</strong></span> <span class='ocrx_word' id='word_1_104' title='bbox 872 1768 920 1821; x_wconf 92' lang='lat' dir='ltr'><strong>ulli</strong></span> <span class='ocrx_word' id='word_1_105' title='bbox 938 1768 1054 1821; x_wconf 80' lang='lat' dir='ltr'><strong>obnoxia</strong></span> <span class='ocrx_word' id='word_1_106' title='bbox 1072 1782 1160 1820; x_wconf 85' lang='lat' dir='ltr'><strong>curae.</strong></span> 
     </span>
    </p>

    <p class='ocr_par' dir='ltr' id='par_1_16' title="bbox 387 1842 1305 2368">
     <span class='ocr_line' id='line_1_17' title="bbox 387 1842 1293 1911; baseline -0.008 -11"><span class='ocrx_word' id='word_1_107' title='bbox 387 1898 389 1900; x_wconf 83' lang='lat'>.</span> <span class='ocrx_word' id='word_1_108' title='bbox 437 1842 521 1911; x_wconf 87' lang='lat' dir='ltr'><strong>Ipsae</strong></span> <span class='ocrx_word' id='word_1_109' title='bbox 539 1843 669 1897; x_wconf 78' lang='lat' dir='ltr'><strong>Caucasio</strong></span> <span class='ocrx_word' id='word_1_110' title='bbox 688 1844 795 1898; x_wconf 87' lang='lat' dir='ltr'><strong>steriles</strong></span> <span class='ocrx_word' id='word_1_111' title='bbox 813 1844 842 1898; x_wconf 91' lang='lat' dir='ltr'><strong>in</strong></span> <span class='ocrx_word' id='word_1_112' title='bbox 861 1845 964 1898; x_wconf 86' lang='lat' dir='ltr'><strong>vertice</strong></span> <span class='ocrx_word' id='word_1_113' title='bbox 981 1844 1072 1911; x_wconf 84' lang='lat' dir='ltr'><strong>silvae,</strong></span> <span class='ocrx_word' id='word_1_114' title='bbox 1257 1854 1293 1893; x_wconf 73' lang='lat' dir='ltr'><strong>iro</strong></span> 
     </span>
     <span class='ocr_line' id='line_1_18' title="bbox 437 1918 1305 1989; baseline -0.002 -16"><span class='ocrx_word' id='word_1_115' title='bbox 437 1918 513 1983; x_wconf 74' lang='lat' dir='ltr'><strong>Quas</strong></span> <span class='ocrx_word' id='word_1_116' title='bbox 530 1920 644 1974; x_wconf 87' lang='lat' dir='ltr'><strong>animosi</strong></span> <span class='ocrx_word' id='word_1_117' title='bbox 664 1921 730 1974; x_wconf 78' lang='lat' dir='ltr'><strong>Euri</strong></span> <span class='ocrx_word' id='word_1_118' title='bbox 749 1921 865 1975; x_wconf 89' lang='lat' dir='ltr'><strong>adsidue</strong></span> <span class='ocrx_word' id='word_1_119' title='bbox 884 1921 1069 1989; x_wconf 76' lang='lat' dir='ltr'><strong>franguntque</strong></span> <span class='ocrx_word' id='word_1_120' title='bbox 1087 1919 1240 1987; x_wconf 75' lang='lat' dir='ltr'><strong>ferrmtque,</strong></span> <span class='ocrx_word' id='word_1_121' title='bbox 1302 1938 1305 1946; x_wconf 91' lang='lat'>·</span> 
     </span>
     <span class='ocr_line' id='line_1_19' title="bbox 437 1994 1084 2066; baseline -0.002 -17"><span class='ocrx_word' id='word_1_122' title='bbox 437 1994 513 2050; x_wconf 89' lang='lat' dir='ltr'><strong>Dant</strong></span> <span class='ocrx_word' id='word_1_123' title='bbox 530 1996 597 2049; x_wconf 89' lang='lat' dir='ltr'><strong>alios</strong></span> <span class='ocrx_word' id='word_1_124' title='bbox 615 1996 685 2051; x_wconf 87' lang='lat' dir='ltr'><strong>aliae</strong></span> <span class='ocrx_word' id='word_1_125' title='bbox 703 1997 785 2066; x_wconf 83' lang='lat' dir='ltr'><strong>fetus,</strong></span> <span class='ocrx_word' id='word_1_126' title='bbox 804 1998 873 2051; x_wconf 90' lang='lat' dir='ltr'><strong>dant</strong></span> <span class='ocrx_word' id='word_1_127' title='bbox 891 1998 960 2050; x_wconf 90' lang='lat' dir='ltr'><strong>utile</strong></span> <span class='ocrx_word' id='word_1_128' title='bbox 979 1996 1084 2063; x_wconf 83' lang='lat' dir='ltr'><strong>lignum</strong></span> 
     </span>
     <span class='ocr_line' id='line_1_20' title="bbox 437 2070 1225 2141; baseline 0 -17"><span class='ocrx_word' id='word_1_129' title='bbox 437 2070 559 2139; x_wconf 84' lang='lat' dir='ltr'><strong>Navigiis</strong></span> <span class='ocrx_word' id='word_1_130' title='bbox 577 2073 662 2141; x_wconf 89' lang='lat' dir='ltr'><strong>pinos,</strong></span> <span class='ocrx_word' id='word_1_131' title='bbox 681 2074 807 2127; x_wconf 90' lang='lat' dir='ltr'><strong>domibus</strong></span> <span class='ocrx_word' id='word_1_132' title='bbox 826 2074 995 2140; x_wconf 88' lang='lat' dir='ltr'><strong>cedrumque</strong></span> <span class='ocrx_word' id='word_1_133' title='bbox 1014 2087 1225 2140; x_wconf 88' lang='lat' dir='ltr'><strong>cupressesque;</strong></span> 
     </span>
     <span class='ocr_line' id='line_1_21' title="bbox 437 2146 1212 2217; baseline 0 -18"><span class='ocrx_word' id='word_1_134' title='bbox 437 2146 512 2201; x_wconf 90' lang='lat' dir='ltr'><strong>Hinc</strong></span> <span class='ocrx_word' id='word_1_135' title='bbox 529 2148 620 2201; x_wconf 79' lang='lat' dir='ltr'><strong>radios</strong></span> <span class='ocrx_word' id='word_1_136' title='bbox 639 2148 741 2203; x_wconf 76' lang='lat' dir='ltr'><strong>trivere</strong></span> <span class='ocrx_word' id='word_1_137' title='bbox 760 2151 835 2216; x_wconf 86' lang='lat' dir='ltr'><strong>rotis,</strong></span> <span class='ocrx_word' id='word_1_138' title='bbox 854 2150 917 2203; x_wconf 90' lang='lat' dir='ltr'><strong>hino</strong></span> <span class='ocrx_word' id='word_1_139' title='bbox 934 2152 1064 2217; x_wconf 86' lang='lat' dir='ltr'><strong>tympana</strong></span> <span class='ocrx_word' id='word_1_140' title='bbox 1081 2147 1212 2215; x_wconf 89' lang='lat' dir='ltr'><strong>plaustris</strong></span> 
     </span>
     <span class='ocr_line' id='line_1_22' title="bbox 438 2223 1294 2294; baseline -0.005 -17"><span class='ocrx_word' id='word_1_141' title='bbox 438 2223 592 2291; x_wconf 74' lang='lat' dir='ltr'><strong>Agricolae,</strong></span> <span class='ocrx_word' id='word_1_142' title='bbox 612 2228 641 2279; x_wconf 87' lang='lat' dir='ltr'><strong>ot</strong></span> <span class='ocrx_word' id='word_1_143' title='bbox 658 2225 764 2294; x_wconf 88' lang='lat' dir='ltr'><strong>pandas</strong></span> <span class='ocrx_word' id='word_1_144' title='bbox 781 2226 887 2279; x_wconf 87' lang='lat' dir='ltr'><strong>ratibus</strong></span> <span class='ocrx_word' id='word_1_145' title='bbox 905 2241 1020 2293; x_wconf 90' lang='lat' dir='ltr'><strong>posuere</strong></span> <span class='ocrx_word' id='word_1_146' title='bbox 1034 2225 1152 2287; x_wconf 79' lang='lat' dir='ltr'><strong>carinas3</strong></span> <span class='ocrx_word' id='word_1_147' title='bbox 1257 2236 1294 2273; x_wconf 75' lang='lat' dir='ltr'><strong>aar</strong></span> 
     </span>
     <span class='ocr_line' id='line_1_23' title="bbox 437 2298 1120 2368; baseline 0 -17"><span class='ocrx_word' id='word_1_148' title='bbox 437 2298 594 2354; x_wconf 87' lang='lat' dir='ltr'><strong>Viminihus</strong></span> <span class='ocrx_word' id='word_1_149' title='bbox 612 2301 708 2355; x_wconf 87' lang='lat' dir='ltr'><strong>salices</strong></span> <span class='ocrx_word' id='word_1_150' title='bbox 725 2302 866 2368; x_wconf 84' lang='lat' dir='ltr'><strong>fecundae,</strong></span> <span class='ocrx_word' id='word_1_151' title='bbox 886 2300 1029 2353; x_wconf 90' lang='lat' dir='ltr'><strong>frondibus</strong></span> <span class='ocrx_word' id='word_1_152' title='bbox 1046 2299 1120 2365; x_wconf 87' lang='lat' dir='ltr'><strong>ulmi,</strong></span> 
     </span>
    </p>

    <p class='ocr_par' dir='ltr' id='par_1_17' title="bbox 437 2375 1295 3287">
     <span class='ocr_line' id='line_1_24' title="bbox 438 2375 1109 2444; baseline 0 -16"><span class='ocrx_word' id='word_1_153' title='bbox 438 2375 481 2429; x_wconf 84' lang='lat' dir='ltr'><strong>At</strong></span> <span class='ocrx_word' id='word_1_154' title='bbox 497 2379 603 2444; x_wconf 83' lang='lat' dir='ltr'><strong>myrtus</strong></span> <span class='ocrx_word' id='word_1_155' title='bbox 621 2378 719 2432; x_wconf 78' lang='lat' dir='ltr'><strong>validis</strong></span> <span class='ocrx_word' id='word_1_156' title='bbox 737 2377 882 2431; x_wconf 83' lang='lat' dir='ltr'><strong>hastilibus</strong></span> <span class='ocrx_word' id='word_1_157' title='bbox 901 2380 930 2430; x_wconf 89' lang='lat' dir='ltr'><strong>et</strong></span> <span class='ocrx_word' id='word_1_158' title='bbox 948 2375 1020 2429; x_wconf 90' lang='lat' dir='ltr'><strong>bona</strong></span> <span class='ocrx_word' id='word_1_159' title='bbox 1038 2375 1109 2429; x_wconf 92' lang='lat' dir='ltr'><strong>belle</strong></span> 
     </span>
     <span class='ocr_line' id='line_1_25' title="bbox 438 2450 1126 2521; baseline -0.001 -15"><span class='ocrx_word' id='word_1_160' title='bbox 438 2450 559 2517; x_wconf 82' lang='lat' dir='ltr'><strong>Cornus3</strong></span> <span class='ocrx_word' id='word_1_161' title='bbox 571 2453 708 2507; x_wconf 85' lang='lat' dir='ltr'><strong>-Ituraeos</strong></span> <span class='ocrx_word' id='word_1_162' title='bbox 726 2454 785 2508; x_wconf 84' lang='lat' dir='ltr'><strong>taxi</strong></span> <span class='ocrx_word' id='word_1_163' title='bbox 803 2456 970 2521; x_wconf 87' lang='lat' dir='ltr'><strong>torquentur</strong></span> <span class='ocrx_word' id='word_1_164' title='bbox 986 2453 1014 2505; x_wconf 92' lang='lat' dir='ltr'><strong>in</strong></span> <span class='ocrx_word' id='word_1_165' title='bbox 1032 2468 1126 2517; x_wconf 86' lang='lat' dir='ltr'><strong>areus;</strong></span> 
     </span>
     <span class='ocr_line' id='line_1_26' title="bbox 438 2527 1069 2585; baseline 0 -4"><span class='ocrx_word' id='word_1_166' title='bbox 438 2527 498 2581; x_wconf 87' lang='lat' dir='ltr'><strong>Nee</strong></span> <span class='ocrx_word' id='word_1_167' title='bbox 515 2528 591 2583; x_wconf 91' lang='lat' dir='ltr'><strong>tiliae</strong></span> <span class='ocrx_word' id='word_1_168' title='bbox 610 2528 683 2585; x_wconf 78' lang='lat' dir='ltr'><strong>leves</strong></span> <span class='ocrx_word' id='word_1_169' title='bbox 701 2534 750 2585; x_wconf 90' lang='lat' dir='ltr'><strong>aut</strong></span> <span class='ocrx_word' id='word_1_170' title='bbox 769 2533 848 2584; x_wconf 90' lang='lat' dir='ltr'><strong>torno</strong></span> <span class='ocrx_word' id='word_1_171' title='bbox 867 2529 948 2583; x_wconf 89' lang='lat' dir='ltr'><strong>rasile</strong></span> <span class='ocrx_word' id='word_1_172' title='bbox 967 2529 1069 2582; x_wconf 85' lang='lat' dir='ltr'><strong>buxum</strong></span> 
     </span>
     <span class='ocr_line' id='line_1_27' title="bbox 438 2604 1295 2677; baseline 0.001 -20"><span class='ocrx_word' id='word_1_173' title='bbox 438 2604 501 2659; x_wconf 87' lang='lat' dir='ltr'><strong>Non</strong></span> <span class='ocrx_word' id='word_1_174' title='bbox 519 2605 634 2659; x_wconf 88' lang='lat' dir='ltr'><strong>formam</strong></span> <span class='ocrx_word' id='word_1_175' title='bbox 652 2608 789 2677; x_wconf 88' lang='lat' dir='ltr'><strong>accipiunt</strong></span> <span class='ocrx_word' id='word_1_176' title='bbox 807 2607 936 2674; x_wconf 87' lang='lat' dir='ltr'><strong>ferroque</strong></span> <span class='ocrx_word' id='word_1_177' title='bbox 954 2609 1086 2660; x_wconf 85' lang='lat' dir='ltr'><strong>cavantur</strong></span> <span class='ocrx_word' id='word_1_178' title='bbox 1103 2609 1197 2672; x_wconf 88' lang='lat' dir='ltr'><strong>aeuto;</strong></span> <span class='ocrx_word' id='word_1_179' title='bbox 1259 2620 1295 2658; x_wconf 75' lang='lat' dir='ltr'><strong>reo</strong></span> 
     </span>
     <span class='ocr_line' id='line_1_28' title="bbox 438 2679 1224 2748; baseline 0 -14"><span class='ocrx_word' id='word_1_180' title='bbox 438 2679 498 2734; x_wconf 87' lang='lat' dir='ltr'><strong>Nec</strong></span> <span class='ocrx_word' id='word_1_181' title='bbox 515 2698 570 2734; x_wconf 90' lang='lat' dir='ltr'><strong>non</strong></span> <span class='ocrx_word' id='word_1_182' title='bbox 588 2686 617 2736; x_wconf 89' lang='lat' dir='ltr'><strong>et</strong></span> <span class='ocrx_word' id='word_1_183' title='bbox 637 2686 788 2737; x_wconf 87' lang='lat' dir='ltr'><strong>torrentem</strong></span> <span class='ocrx_word' id='word_1_184' title='bbox 807 2683 909 2737; x_wconf 91' lang='lat' dir='ltr'><strong>undam</strong></span> <span class='ocrx_word' id='word_1_185' title='bbox 928 2683 995 2739; x_wconf 90' lang='lat' dir='ltr'><strong>levis</strong></span> <span class='ocrx_word' id='word_1_186' title='bbox 1014 2682 1121 2735; x_wconf 89' lang='lat' dir='ltr'><strong>innatat</strong></span> <span class='ocrx_word' id='word_1_187' title='bbox 1139 2682 1224 2748; x_wconf 86' lang='lat' dir='ltr'><strong>alnus,</strong></span> 
     </span>
     <span class='ocr_line' id='line_1_29' title="bbox 438 2756 1190 2829; baseline 0.001 -19"><span class='ocrx_word' id='word_1_188' title='bbox 438 2756 524 2810; x_wconf 84' lang='lat' dir='ltr'><strong>Missa</strong></span> <span class='ocrx_word' id='word_1_189' title='bbox 543 2758 633 2826; x_wconf 85' lang='lat' dir='ltr'><strong>Pado;</strong></span> <span class='ocrx_word' id='word_1_190' title='bbox 655 2776 705 2813; x_wconf 88' lang='lat' dir='ltr'><strong>nec</strong></span> <span class='ocrx_word' id='word_1_191' title='bbox 723 2777 778 2813; x_wconf 91' lang='lat' dir='ltr'><strong>non</strong></span> <span class='ocrx_word' id='word_1_192' title='bbox 797 2765 826 2814; x_wconf 93' lang='lat' dir='ltr'><strong>et</strong></span> <span class='ocrx_word' id='word_1_193' title='bbox 843 2777 909 2829; x_wconf 88' lang='lat' dir='ltr'><strong>apes</strong></span> <span class='ocrx_word' id='word_1_194' title='bbox 927 2758 1051 2813; x_wconf 86' lang='lat' dir='ltr'><strong>examina</strong></span> <span class='ocrx_word' id='word_1_195' title='bbox 1068 2757 1190 2811; x_wconf 87' lang='lat' dir='ltr'><strong>condunt</strong></span> 
     </span>
     <span class='ocr_line' id='line_1_30' title="bbox 438 2833 1117 2904; baseline -0.004 -15"><span class='ocrx_word' id='word_1_196' title='bbox 438 2833 649 2904; x_wconf 82' lang='lat' dir='ltr'><strong>Corticibusque</strong></span> <span class='ocrx_word' id='word_1_197' title='bbox 668 2836 740 2889; x_wconf 86' lang='lat' dir='ltr'><strong>cavis</strong></span> <span class='ocrx_word' id='word_1_198' title='bbox 759 2837 929 2904; x_wconf 84' lang='lat' dir='ltr'><strong>vitiosaeque</strong></span> <span class='ocrx_word' id='word_1_199' title='bbox 947 2834 1015 2887; x_wconf 89' lang='lat' dir='ltr'><strong>ilicis</strong></span> <span class='ocrx_word' id='word_1_200' title='bbox 1033 2834 1117 2887; x_wconf 89' lang='lat' dir='ltr'><strong>alveo.</strong></span> 
     </span>
     <span class='ocr_line' id='line_1_31' title="bbox 438 2908 1243 2981; baseline 0 -17"><span class='ocrx_word' id='word_1_201' title='bbox 438 2908 512 2974; x_wconf 85' lang='lat' dir='ltr'><strong>Quid</strong></span> <span class='ocrx_word' id='word_1_202' title='bbox 530 2912 737 2965; x_wconf 90' lang='lat' dir='ltr'><strong>memorandum</strong></span> <span class='ocrx_word' id='word_1_203' title='bbox 756 2930 844 2981; x_wconf 89' lang='lat' dir='ltr'><strong>aeque</strong></span> <span class='ocrx_word' id='word_1_204' title='bbox 863 2911 997 2965; x_wconf 87' lang='lat' dir='ltr'><strong>Baccheia</strong></span> <span class='ocrx_word' id='word_1_205' title='bbox 1015 2911 1087 2964; x_wconf 90' lang='lat' dir='ltr'><strong>dona</strong></span> <span class='ocrx_word' id='word_1_206' title='bbox 1103 2910 1243 2964; x_wconf 83' lang='lat' dir='ltr'><strong>trderuntl</strong></span> 
     </span>
     <span class='ocr_line' id='line_1_32' title="bbox 437 2985 1295 3056; baseline -0.001 -16"><span class='ocrx_word' id='word_1_207' title='bbox 437 2985 562 3041; x_wconf 85' lang='lat' dir='ltr'><strong>Bacchus</strong></span> <span class='ocrx_word' id='word_1_208' title='bbox 580 2987 664 3042; x_wconf 89' lang='lat' dir='ltr'><strong>etad</strong></span> <span class='ocrx_word' id='word_1_209' title='bbox 682 2989 789 3056; x_wconf 83' lang='lat' dir='ltr'><strong>crdpam</strong></span> <span class='ocrx_word' id='word_1_210' title='bbox 808 3005 917 3042; x_wconf 86' lang='lat' dir='ltr'><strong>caussas</strong></span> <span class='ocrx_word' id='word_1_211' title='bbox 937 2986 1028 3041; x_wconf 89' lang='lat' dir='ltr'><strong>dedit:</strong></span> <span class='ocrx_word' id='word_1_212' title='bbox 1049 2986 1095 3039; x_wconf 91' lang='lat' dir='ltr'><strong>ille</strong></span> <span class='ocrx_word' id='word_1_213' title='bbox 1112 2986 1230 3039; x_wconf 90' lang='lat' dir='ltr'><strong>furentis</strong></span> <span class='ocrx_word' id='word_1_214' title='bbox 1258 2999 1295 3039; x_wconf 77' lang='lat' dir='ltr'><strong>ase</strong></span> 
     </span>
     <span class='ocr_line' id='line_1_33' title="bbox 438 3061 1202 3134; baseline -0.005 -17"><span class='ocrx_word' id='word_1_215' title='bbox 438 3061 591 3118; x_wconf 76' lang='lat' dir='ltr'><strong>Centauros</strong></span> <span class='ocrx_word' id='word_1_216' title='bbox 608 3064 665 3119; x_wconf 86' lang='lat' dir='ltr'><strong>lete</strong></span> <span class='ocrx_word' id='word_1_217' title='bbox 685 3065 798 3134; x_wconf 90' lang='lat' dir='ltr'><strong>domuit,</strong></span> <span class='ocrx_word' id='word_1_218' title='bbox 819 3065 1013 3133; x_wconf 86' lang='lat' dir='ltr'><strong>Rhoetumque</strong></span> <span class='ocrx_word' id='word_1_219' title='bbox 1033 3062 1202 3130; x_wconf 90' lang='lat' dir='ltr'><strong>Pholumque</strong></span> 
     </span>
     <span class='ocr_line' id='line_1_34' title="bbox 437 3138 1195 3210; baseline -0.003 -18"><span class='ocrx_word' id='word_1_220' title='bbox 437 3138 476 3193; x_wconf 79' lang='lat' dir='ltr'><strong>Et</strong></span> <span class='ocrx_word' id='word_1_221' title='bbox 492 3156 592 3209; x_wconf 83' lang='lat' dir='ltr'><strong>magno</strong></span> <span class='ocrx_word' id='word_1_222' title='bbox 612 3142 747 3210; x_wconf 78' lang='lat' dir='ltr'><strong>Hylaeum</strong></span> <span class='ocrx_word' id='word_1_223' title='bbox 768 3142 892 3210; x_wconf 88' lang='lat' dir='ltr'><strong>Lapithis</strong></span> <span class='ocrx_word' id='word_1_224' title='bbox 911 3144 1019 3194; x_wconf 86' lang='lat' dir='ltr'><strong>cratere</strong></span> <span class='ocrx_word' id='word_1_225' title='bbox 1037 3139 1195 3191; x_wconf 88' lang='lat' dir='ltr'><strong>minantem.</strong></span> 
     </span>
     <span class='ocr_line' id='line_1_35' title="bbox 473 3215 1123 3287; baseline -0.003 -18"><span class='ocrx_word' id='word_1_226' title='bbox 473 3216 496 3270; x_wconf 94' lang='lat'>0</span> <span class='ocrx_word' id='word_1_227' title='bbox 515 3217 669 3272; x_wconf 88' lang='lat' dir='ltr'><strong>fortunatos</strong></span> <span class='ocrx_word' id='word_1_228' title='bbox 687 3219 878 3287; x_wconf 82' lang='lat' dir='ltr'><strong>nimium‚&#39;sua</strong></span> <span class='ocrx_word' id='word_1_229' title='bbox 896 3219 918 3272; x_wconf 92' lang='lat' dir='ltr'><strong>si</strong></span> <span class='ocrx_word' id='word_1_230' title='bbox 936 3217 1007 3270; x_wconf 91' lang='lat' dir='ltr'><strong>bena</strong></span> <span class='ocrx_word' id='word_1_231' title='bbox 1024 3215 1123 3282; x_wconf 87' lang='lat' dir='ltr'><strong>norint,</strong></span> 
     </span>
    </p>

    <p class='ocr_par' dir='ltr' id='par_1_18' title="bbox 438 3289 1207 3365">
     <span class='ocr_line' id='line_1_36' title="bbox 438 3289 1207 3365; baseline -0.004 -19"><span class='ocrx_word' id='word_1_232' title='bbox 438 3292 591 3361; x_wconf 79' lang='lat' dir='ltr'><strong>Agricolas,</strong></span> <span class='ocrx_word' id='word_1_233' title='bbox 610 3294 710 3364; x_wconf 90' lang='lat' dir='ltr'><strong>quibus</strong></span> <span class='ocrx_word' id='word_1_234' title='bbox 728 3295 795 3363; x_wconf 83' lang='lat' dir='ltr'><strong>ipsa,</strong></span> <span class='ocrx_word' id='word_1_235' title='bbox 812 3294 907 3365; x_wconf 91' lang='lat' dir='ltr'><strong>procul</strong></span> <span class='ocrx_word' id='word_1_236' title='bbox 927 3292 1098 3347; x_wconf 86' lang='lat' dir='ltr'><strong>discordibus</strong></span> <span class='ocrx_word' id='word_1_237' title='bbox 1116 3289 1207 3356; x_wconf 87' lang='lat' dir='ltr'><strong>armis,</strong></span> 
     </span>
    </p>

    <p class='ocr_par' dir='ltr' id='par_1_19' title="bbox 366 3368 1296 3587">
     <span class='ocr_line' id='line_1_37' title="bbox 366 3368 1296 3425; baseline -0.003 -3"><span class='ocrx_word' id='word_1_238' title='bbox 366 3400 385 3414; x_wconf 48' lang='lat' dir='ltr'><strong>s</strong></span> <span class='ocrx_word' id='word_1_239' title='bbox 439 3368 543 3423; x_wconf 82' lang='lat' dir='ltr'><strong>Fundit</strong></span> <span class='ocrx_word' id='word_1_240' title='bbox 560 3370 644 3425; x_wconf 90' lang='lat' dir='ltr'><strong>humo</strong></span> <span class='ocrx_word' id='word_1_241' title='bbox 663 3370 769 3425; x_wconf 82' lang='lat' dir='ltr'><strong>facilem</strong></span> <span class='ocrx_word' id='word_1_242' title='bbox 787 3371 890 3424; x_wconf 84' lang='lat' dir='ltr'><strong>vietum</strong></span> <span class='ocrx_word' id='word_1_243' title='bbox 908 3370 1055 3424; x_wconf 89' lang='lat' dir='ltr'><strong>iustissima</strong></span> <span class='ocrx_word' id='word_1_244' title='bbox 1073 3368 1168 3421; x_wconf 90' lang='lat' dir='ltr'><strong>tellus!</strong></span> <span class='ocrx_word' id='word_1_245' title='bbox 1260 3380 1296 3419; x_wconf 73' lang='lat' dir='ltr'><strong>teo</strong></span> 
     </span>
     <span class='ocr_line' id='line_1_38' title="bbox 438 3443 1169 3517; baseline -0.003 -18"><span class='ocrx_word' id='word_1_246' title='bbox 438 3445 540 3501; x_wconf 83' lang='lat' dir='ltr'><strong>Sinon</strong></span> <span class='ocrx_word' id='word_1_247' title='bbox 557 3448 697 3516; x_wconf 77' lang='lat' dir='ltr'><strong>ingentem</strong></span> <span class='ocrx_word' id='word_1_248' title='bbox 715 3447 821 3503; x_wconf 82' lang='lat' dir='ltr'><strong>loribus</strong></span> <span class='ocrx_word' id='word_1_249' title='bbox 839 3447 940 3503; x_wconf 90' lang='lat' dir='ltr'><strong>demus</strong></span> <span class='ocrx_word' id='word_1_250' title='bbox 957 3446 1018 3503; x_wconf 84' lang='lat' dir='ltr'><strong>alta</strong></span> <span class='ocrx_word' id='word_1_251' title='bbox 1036 3443 1169 3517; x_wconf 78' lang='lat' dir='ltr'><strong>superbis</strong></span> 
     </span>
     <span class='ocr_line' id='line_1_39' title="bbox 432 3522 1190 3587; baseline 0.003 -14"><span class='ocrx_word' id='word_1_252' title='bbox 432 3522 517 3575; x_wconf 82' lang='lat' dir='ltr'><strong>Mane</strong></span> <span class='ocrx_word' id='word_1_253' title='bbox 532 3524 703 3580; x_wconf 74' lang='lat' dir='ltr'><strong>mlutantum</strong></span> <span class='ocrx_word' id='word_1_254' title='bbox 723 3526 792 3583; x_wconf 89' lang='lat' dir='ltr'><strong>tetis</strong></span> <span class='ocrx_word' id='word_1_255' title='bbox 811 3528 903 3585; x_wconf 88' lang='lat' dir='ltr'><strong>remit</strong></span> <span class='ocrx_word' id='word_1_256' title='bbox 921 3526 1047 3584; x_wconf 81' lang='lat' dir='ltr'><strong>aedibus</strong></span> <span class='ocrx_word' id='word_1_257' title='bbox 1062 3524 1190 3587; x_wconf 78' lang='lat' dir='ltr'><strong>undam,</strong></span> 
     </span>
    </p>
   </div>
   <div class='ocr_carea' id='block_1_3' title="bbox 408 3594 1176 3762">
    <p class='ocr_par' dir='ltr' id='par_1_20' title="bbox 408 3594 1176 3762">
     <span class='ocr_line' id='line_1_40' title="bbox 419 3594 1176 3677; baseline 0.024 -29"><span class='ocrx_word' id='word_1_258' title='bbox 419 3594 483 3648; x_wconf 83' lang='lat' dir='ltr'><strong>Nee</strong></span> <span class='ocrx_word' id='word_1_259' title='bbox 501 3599 590 3653; x_wconf 74' lang='lat' dir='ltr'><strong>varios</strong></span> <span class='ocrx_word' id='word_1_260' title='bbox 606 3601 722 3661; x_wconf 86' lang='lat' dir='ltr'><strong>inhiant</strong></span> <span class='ocrx_word' id='word_1_261' title='bbox 738 3607 867 3676; x_wconf 90' lang='lat' dir='ltr'><strong>pulchra</strong></span> <span class='ocrx_word' id='word_1_262' title='bbox 886 3609 1047 3667; x_wconf 84' lang='lat' dir='ltr'><strong>testudine</strong></span> <span class='ocrx_word' id='word_1_263' title='bbox 1062 3601 1176 3677; x_wconf 55' lang='lat' dir='ltr'><strong>postis,</strong></span> 
     </span>
     <span class='ocr_line' id='line_1_41' title="bbox 408 3667 1164 3762; baseline 0.001 -19"><span class='ocrx_word' id='word_1_264' title='bbox 408 3667 579 3742; x_wconf 57' lang='lat' dir='ltr'><strong>mumque</strong></span> <span class='ocrx_word' id='word_1_265' title='bbox 595 3693 669 3733; x_wconf 66' lang='lat' dir='ltr'><strong>aum</strong></span> <span class='ocrx_word' id='word_1_266' title='bbox 690 3689 803 3756; x_wconf 78' lang='lat' dir='ltr'><strong>vestes,</strong></span> <span class='ocrx_word' id='word_1_267' title='bbox 823 3689 1051 3762; x_wconf 77' lang='lat' dir='ltr'><strong>Ephyreiaque</strong></span> <span class='ocrx_word' id='word_1_268' title='bbox 1068 3695 1164 3744; x_wconf 55' lang='lat' dir='ltr'><strong>aem</strong></span> 
     </span>
    </p>
   </div>
   <div class='ocr_carea' id='block_1_4' title="bbox 0 0 1746 4367">
    <p class='ocr_par' dir='ltr' id='par_1_21' title="bbox 0 0 1746 4367">
     <span class='ocr_line' id='line_1_42' title="bbox 0 0 1746 4367; baseline 0 0"><span class='ocrx_word' id='word_1_269' title='bbox 0 0 1746 4367; x_wconf 95' lang='lat' dir='ltr'><strong> </strong></span> 
     </span>
    </p>
   </div>
  </div>
 </body>
</html>
