3467 4367
469 623 500 670 40
702 620 732 671 P.
751 621 905 670 VERGILI
923 622 1090 673 MARONIS

469 702 636 771 Chaoniique
652 702 739 769 patris
756 702 885 770 glandea;
902 703 984 757 etiam
1001 704 1088 759 ardua
1103 704 1197 773 palum

468 778 604 845 Nascitur,
623 782 652 831 et
669 794 748 831 casus
765 778 840 833 abies
857 779 949 832 visura
965 781 1089 835 marinos

469 854 604 909 Inseritur
621 869 685 907 vero
703 857 732 907 et
749 854 808 908 fetu
824 855 902 908 nucis
919 855 1034 909 arbutus
1051 856 1170 926 horrida,

468 931 506 986 lit
523 930 630 985 steriles
646 930 749 1000 platani
766 932 851 985 malos
867 948 977 999 gessere
994 933 1124 1001 valentis3
1299 948 1327 993 to

468 1008 620 1063 Castaneae
638 1008 723 1076 fagus,
742 1024 879 1077 ornusque
897 1009 1017 1063 incanuit
1035 1010 1097 1064 albo

468 1088 550 1142 Flore
567 1087 626 1155 piri,
645 1085 828 1154 glandemque
846 1102 909 1139 sues
926 1085 1034 1153 fregere
1053 1086 1104 1140 sub
1121 1086 1209 1139 ulmis

504 1165 561 1219 Nec
579 1162 676 1216 modus
693 1163 814 1216 inserere
831 1165 915 1229 atque
932 1162 1023 1216 oeulos
1040 1162 1171 1231 inponere
1188 1161 1312 1230 sinrplors.

468 1242 547 1308 Num,
564 1257 618 1309 qua
635 1255 665 1293 se
682 1237 772 1291 medio
789 1236 906 1291 trudunt
924 1237 960 1291 de
976 1240 1076 1293 cortice
1093 1253 1218 1306 gemmae

468 1318 505 1372 Et
522 1317 612 1371 tenuis
630 1317 761 1383 rumpunt
778 1314 892 1380 tunicas,
911 1318 1043 1381 angustus
1059 1315 1088 1368 in
1105 1315 1164 1383 ipso
1302 1328 1327 1367 rs

469 1394 514 1447 Pit
531 1392 605 1447 nudo
623 1391 711 1445 sinus:
729 1390 784 1444 huc
800 1390 889 1443 aliena
907 1406 942 1443 ex
959 1390 1058 1445 arbore
1074 1405 1189 1459 germen

469 1470 624 1535 Includunt,
644 1466 753 1535 udoque
772 1466 871 1519 docent
889 1465 1038 1520 inolescere
1054 1466 1131 1520 libro.

468 1549 527 1600 Aut
544 1561 652 1599 rursum
671 1542 772 1596 enodes
789 1542 880 1595 tmnei
897 1546 1064 1611 resecantur,
1081 1546 1111 1597 et
1127 1543 1182 1596 alie

468 1622 594 1676 Finditur
610 1621 639 1674 in
658 1618 774 1673 solidum
791 1618 885 1671 crmeis
902 1619 953 1687 ria,
972 1618 1072 1673 deinde
1089 1619 1192 1674 fersea

468 1699 582 1753 Plantae
594 1697 784 1751 inmittuntur:
802 1710 853 1748 neo
864 1693 974 1762 longum
986 1699 1102 1764 tempus,
1115 1698 1145 1749 et
1155 1695 1253 1763 ingens
1299 1709 1327 1748 so

469 1770 542 1829 Exiit
558 1775 595 1828 ad
612 1773 716 1828 eaelmn
734 1772 817 1825 ramis
834 1771 957 1825 felicibus
974 1771 1062 1841 arbos,

469 1842 639 1920 Miraturque
657 1864 741 1903 novas
758 1847 868 1901 frondes
887 1851 916 1901 et
934 1865 988 1902 non
1006 1864 1055 1903 sua
1071 1864 1158 1918 poma

500 1921 651 1982 'Praeterea
667 1941 754 1994 genus
772 1923 847 1977 haud
865 1941 957 1993 unum,
974 1942 1025 1980 nee
1041 1924 1159 1978 fortibus
1176 1924 1265 1990 ulmis,

470 1998 527 2059 Nec
545 2003 619 2058 salici
635 2001 755 2069 lotoque,
773 2017 862 2070 neque
882 2001 974 2055 Idaeis
992 2001 1150 2071 cyparisse

470 2074 527 2135 Nec
544 2081 658 2148 pingues
675 2094 758 2131 unam
775 2077 803 2130 in
821 2077 917 2131 faciem
935 2080 1083 2132 nascuntur
1100 2076 1193 2142 olivae,
1229 2140 1233 2147 Ι
1301 2088 1328 2128 oo

470 2156 616 2225 orchades,
634 2159 664 2210 et
681 2154 758 2222 radii,
777 2158 806 2209 et
824 2171 917 2209 amara
934 2156 1029 2224 pausia
1046 2153 1121 2222 baca,

471 2227 606 2304 Pomaque
624 2236 655 2287 et
674 2232 781 2287 Alcinoi
799 2233 897 2298 silvae3
914 2249 965 2286 nec
982 2232 1105 2294 surculus
1121 2230 1195 2283 idem

470 2310 632 2365 Onustumiis
650 2308 788 2379 Syriisque
805 2309 871 2376 piris
890 2307 1071 2376 gravibusque
1089 2305 1207 2360 volemis

471 2385 531 2440 Non
549 2387 645 2441 eadem
663 2385 807 2440 arboribus
824 2385 928 2453 pendet
946 2385 1081 2439 vindemia
1099 2382 1206 2451 nostris,
1243 2389 1247 2397 ‘

471 2462 558 2526 Quam
576 2462 769 2529 Methymnaeo
788 2461 875 2528 carpit
894 2460 929 2513 de
947 2462 1060 2530 palmite
1078 2459 1208 2533 Lesbos;¹
1302 2468 1330 2510 aa

471 2538 540 2593 Sunt
557 2538 672 2592 Thasiae
689 2538 766 2604 vites,
784 2540 849 2590 sunt
867 2541 897 2591 et
915 2538 1083 2592 Mareotides
1101 2536 1186 2603 albae,

471 2614 620 2684 Pinguihus
637 2614 690 2668 hae
707 2614 789 2667 terris
806 2613 919 2682 habiles,
937 2615 1083 2669 levioribus
1100 2614 1177 2678 illae3
1276 2609 1279 2615 ’

470 2692 508 2746 Et
524 2708 604 2762 passo
623 2690 728 2745 Psithia
744 2690 845 2759 utilior,
863 2694 1008 2761 tenuisque
1026 2692 1139 2761 Lageos,

471 2757 648 2839 Pomptatura
664 2768 749 2838 pedes
767 2768 831 2822 olim
849 2768 1027 2837 vincturaque
1043 2768 1178 2837 linguam3

472 2843 635 2915 Purpureae,
653 2845 831 2914 preciaeque;
849 2848 879 2897 et
897 2862 951 2913 quo
969 2849 999 2899 te
1016 2846 1135 2899 carmine
1153 2842 1249 2905 dicam,
1304 2854 1329 2893 eo

472 2922 620 2976 Rhaetical
638 2938 688 2976 nec
705 2921 781 2975 cellis
798 2921 861 2974 ideo
879 2922 1014 2976 contende
1034 2920 1163 2975 Falernis.

472 2998 542 3052 Sunt
559 3002 587 3052 et
607 2999 755 3052 Aminaeae
772 2999 850 3067 vites,
868 2998 1022 3051 iinuissima
1039 2999 1107 3067 rina,

471 3075 591 3129 Tmolius
608 3076 732 3144 adsurgit
751 3076 849 3144 quibus
867 3080 897 3131 et
914 3092 964 3129 rex
981 3076 1040 3145 ipse
1059 3074 1215 3139 Phanaeus;

475 3151 631 3220 Argitisque
649 3154 744 3219 minor,
761 3153 804 3206 cui
822 3169 876 3206 non
895 3153 1042 3207 certaverit
1059 3151 1115 3205 ulla

477 3230 532 3282 Aut
549 3233 657 3283 tantum
674 3229 760 3282 fluere
777 3233 826 3283 aut
844 3230 960 3284 totidem
979 3228 1079 3283 durare
1096 3244 1147 3296 per
1164 3242 1256 3281 annos.
1295 3240 1332 3280 100

474 3304 535 3358 Non
553 3321 603 3373 ego
620 3308 658 3374 te,
676 3306 726 3359 Dis
743 3309 773 3359 et
790 3307 891 3359 mensis
908 3308 1020 3374 accepta
1038 3304 1169 3371 secundis,

473 3378 644 3449 transierim,
663 3381 779 3449 Rhodia,
798 3385 827 3436 et
844 3383 963 3449 tumidis,
984 3382 1125 3447 Bumaste,
1144 3381 1267 3435 racemis

467 3454 526 3507 Sed
534 3473 631 3524 neque,
645 3474 727 3525 quam
740 3458 844 3514 multae
856 3460 970 3531 speeies,
982 3475 1042 3525 nee,
1051 3457 1164 3511 nomina
1174 3472 1245 3523 quae
1255 3455 1322 3522 siut,

446 3523 506 3576 Est
517 3543 671 3597 numerum
686 3551 783 3605 neque
802 3537 880 3593 enim
900 3553 1020 3593 numero
1036 3530 1231 3602 conprendere
1243 3529 1352 3589 roiam

429 3590 523 3675 qm
544 3603 597 3668 qffl'
612 3610 691 3664 scire
713 3614 791 3681 velit,
814 3616 920 3689 Libyci
937 3614 1014 3672 velit
1031 3607 1172 3678 aequoris
1185 3603 1268 3656 idem
1324 3610 1369 3649 lli

409 3655 535 3723 Dum
553 3693 646 3743 quam
663 3691 788 3749 mulae
809 3695 955 3768 Zephyro
976 3689 1145 3750 turbentur
1164 3687 1285 3733 aramis
