3467 4367
476 632 523 680 288
704 629 732 677 P.
751 627 907 677 VERGILI
923 625 1090 674 MARONIS

478 710 539 764 Hoe
555 715 649 765 tamen
666 708 762 762 infelix
780 707 908 761 miseram
926 706 1049 761 solabere
1067 708 1199 762 mortem:

477 786 589 840 Aeneae
606 785 698 852 magni
717 784 816 838 dextra
833 784 916 839 cadis.
952 785 1083 851 Increpat
1100 783 1174 837 ultro
1291 796 1328 836 oto

477 862 638 916 Cunctantis
656 862 749 930 socios,
767 866 796 915 et
813 865 890 915 terra
907 861 1032 914 sublevat
1050 861 1146 928 ipsum,

477 939 613 1006 Sanguine
631 941 789 1006 turpantem
806 942 930 1006 comptos
948 937 983 989 de
1001 953 1077 990 more
1094 935 1211 1005 capillos.

512 1015 623 1068 Interea
639 1014 748 1082 genitor
765 1014 885 1067 Tiberini
903 1014 939 1067 ad
957 1013 1075 1066 fluminis
1093 1013 1195 1065 undam

479 1091 596 1144 Volnera
614 1090 733 1145 siccabat
749 1091 875 1160 lymphis,
893 1106 1046 1159 corpusque
1063 1089 1173 1143 levabat

478 1166 594 1220 Arboris
612 1167 726 1221 adclinis
743 1171 847 1221 trunco.
885 1167 983 1220 Procul
1001 1182 1082 1219 aerea
1093 1165 1176 1219 ramis
1293 1177 1330 1218 stt

430 1285 433 1292 .
477 1243 623 1310 Dependet
640 1244 725 1311 galea,
743 1248 773 1299 et
790 1247 870 1313 prato
887 1243 981 1311 grevia
998 1259 1074 1296 arma
1092 1242 1244 1310 quieseunt

478 1320 559 1372 Stant
576 1320 641 1373 lecti
660 1321 763 1375 circum
780 1322 907 1385 iuvenes;
930 1320 989 1388 ipse
1007 1336 1096 1387 aeger,
1114 1316 1252 1386 anhelans,

478 1394 554 1448 Colla
572 1397 653 1463 foret,
672 1396 748 1450 fusus
766 1412 915 1466 propexam
933 1396 961 1448 in
978 1399 1088 1464 pectore
1106 1393 1235 1459 barbam;

479 1470 568 1524 Multa
585 1490 667 1540 super
686 1473 775 1526 Lauso
793 1473 902 1539 rogitat,
927 1472 1083 1539 multosque
1100 1470 1226 1537 remittit,

479 1547 532 1611 Qui
550 1553 685 1615 revocent,
703 1549 856 1616 maestique
873 1549 964 1601 ferant
981 1548 1111 1600 mandata
1127 1546 1259 1615 parentis.
1294 1560 1331 1599 eso

480 1624 521 1676 At
539 1624 659 1678 Lausum
678 1625 743 1677 socii
761 1625 912 1678 exanimem
932 1641 1013 1691 super
1031 1639 1107 1676 arma
1124 1622 1254 1676 ferebant

481 1699 601 1765 Flentes,
619 1701 757 1766 ingentem
775 1704 859 1768 atque
875 1700 980 1767 ingenti
998 1700 1107 1753 volnere
1125 1699 1234 1753 vietum

481 1774 620 1841 Adgnovit
638 1776 717 1843 longe
735 1777 868 1843 gemitum
886 1793 1019 1844 praesaga
1036 1776 1100 1829 mali
1118 1791 1201 1830 mens

481 1850 615 1904 Canitiem
632 1851 719 1904 multo
737 1852 873 1905 deformat
890 1852 1010 1920 pulvere,
1028 1856 1058 1906 et
1075 1851 1170 1905 ambas

481 1925 528 1979 Ad
544 1926 650 1980 caelum
667 1927 759 1981 tendit
776 1928 887 1996 palmas,
908 1931 937 1982 et
955 1944 1069 1997 corpore
1086 1928 1220 1981 inhaeret.
1296 1940 1333 1981 sle

481 2003 602 2057 'lantone
619 2020 664 2057 me
681 2004 771 2058 tenuit
788 2003 905 2070 vivendi,
924 2008 995 2070 nate,
1013 2004 1145 2071 voluptas,
1270 2003 1272 2009 '

481 2079 521 2132 Ut
537 2096 596 2147 proi
604 2096 649 2133 me
665 2080 758 2133 hostili
775 2084 887 2147 paterer
903 2079 1049 2133 succedere
1067 2079 1188 2146 dextrae,
1252 2115 1256 2123 ·

482 2155 569 2219 Quem
586 2155 685 2223 genuit
710 2156 802 2209 Tuane
818 2155 886 2209 haee
903 2155 1011 2222 genitor
1028 2172 1079 2223 per
1096 2156 1206 2208 volnera
1224 2159 1330 2220 servor,

482 2230 573 2284 Morte
592 2236 640 2285 tua
657 2232 769 2285 vivensf
795 2232 867 2299 Heu,
885 2248 956 2284 nunc
975 2231 1074 2284 misero
1092 2231 1158 2283 mihi
1177 2230 1290 2284 demum

482 2307 614 2360 Exsilium
631 2307 740 2361 infelix!
758 2324 830 2361 nune
847 2308 904 2361 alte
923 2307 1018 2360 volnus
1036 2307 1177 2361 adactum!
1297 2320 1334 2359 sto

485 2382 562 2436 ldem
580 2400 638 2451 ego,
656 2386 728 2449 nate,
747 2385 826 2436 tuum
844 2382 975 2436 maculavi
992 2384 1105 2436 crimine
1120 2399 1228 2450 nomen,

483 2457 580 2511 Pulsus
597 2457 633 2511 ob
650 2458 782 2510 invidiam
801 2458 867 2511 solio
887 2460 1058 2526 sceptrisque
1075 2459 1205 2527 paternis.

483 2533 637 2586 Debueram
655 2534 762 2601 patriae
780 2550 883 2601 poenas
901 2534 1026 2603 odiisque
1044 2550 1180 2588 meorum:

482 2609 577 2661 Omnis
593 2626 643 2677 per
660 2609 757 2663 mortis
774 2611 892 2663 animam
910 2614 1016 2664 sontem
1034 2611 1092 2678 ipso
1110 2609 1263 2666 dedissem!

482 2686 508 2738 N
510 2702 562 2738 uno
574 2686 642 2753 vivo,
656 2702 745 2753 neque
757 2685 846 2739 adhuc
858 2686 981 2740 homines
993 2688 1136 2753 lucemque
1148 2686 1282 2755 relinquo.
1297 2702 1334 2743 eto

482 2760 538 2815 Sed
555 2761 686 2829 linquam.
712 2761 798 2814 Simul
816 2762 867 2815 hoc
886 2761 979 2816 dicens
996 2762 1099 2815 attollit
1114 2762 1143 2814 in
1161 2778 1276 2830 aegmm

482 2838 518 2891 Se
536 2838 632 2904 femur,
651 2842 687 2904 et,
707 2854 874 2906 quamquam
890 2839 931 2892 vis
949 2839 1006 2892 alto
1024 2838 1133 2891 volnere
1151 2838 1252 2907 tardat,

483 2913 567 2967 Haud
586 2913 707 2967 deiectus
726 2930 827 2980 equum
845 2913 908 2967 duci
925 2914 1011 2969 iubet.
1036 2915 1097 2967 Hoc
1114 2915 1198 2968 decus
1215 2915 1263 2983 illi,

483 2989 544 3043 Hoc
562 2991 681 3043 solamon
700 2994 774 3053 erat;
792 2989 872 3043 bellis
890 2989 941 3043 hoc
958 2991 1044 3043 victor
1062 2990 1157 3045 abibat

483 3065 622 3121 Omnibus.
648 3067 817 3134 Adloquitur
835 3071 1011 3133 maerentem,
1030 3072 1059 3120 et
1076 3066 1178 3121 talibus
1195 3067 1271 3123 infit:
1297 3082 1337 3121 sm

484 3142 604 3210 Rhaebe,
622 3142 677 3208 diu,
696 3159 740 3195 res
758 3143 781 3196 si
800 3160 853 3211 qua
873 3143 921 3196 diu
938 3142 1099 3195 mortalibus
1117 3142 1173 3196 ulla
1190 3145 1241 3211 est,

484 3218 617 3273 Viximus.
649 3222 710 3273 Aut
728 3219 810 3272 hodie
827 3219 915 3272 vietor
933 3218 1018 3286 spolia
1035 3218 1082 3270 illa
1099 3222 1213 3272 cruenta

484 3293 521 3346 Et
538 3298 620 3361 caput
639 3296 749 3349 Aeneae
767 3296 877 3360 referes,
896 3294 1032 3362 Lausique
1050 3293 1175 3348 dolorum

483 3369 565 3421 Ultor
582 3370 637 3423 eris
654 3388 768 3437 mecum,
786 3374 842 3437 aut,
860 3372 950 3439 aperit
967 3371 990 3423 si
1008 3371 1082 3424 nulla
1099 3371 1171 3424 riam
1187 3371 1235 3436 vis,

484 3444 636 3498 Occumbes
652 3447 772 3514 pariter3
794 3464 883 3515 neque
902 3448 980 3513 enirn,
998 3448 1154 3513 fortissime,
1171 3446 1263 3514 eredo,
1298 3462 1337 3503 stt

469 3520 554 3577 Iussa
571 3522 665 3579 aliena
683 3524 745 3597 pati
764 3528 797 3580 ct
815 3523 942 3578 dominos
959 3523 1108 3591 dignabere
1119 3523 1249 3575 'teucros

461 3599 552 3671 Dixit,
572 3607 606 3661 et
626 3610 771 3678 exceptus
791 3608 878 3673 tergo
898 3604 1033 3654 consueta
1044 3596 1152 3649 locauit
1267 3664 1274 3676 ι

374 3673 376 3764 ,
442 3675 596 3755 Membra,
619 3703 795 3761 manusque
818 3680 925 3741 ambas
940 3672 1045 3730 iaculis
1062 3666 1192 3723 oneravit
1205 3667 1308 3726 acuti&
