<?xml version="1.0" encoding="UTF-8"?>
<!DOCTYPE html PUBLIC "-//W3C//DTD XHTML 1.0 Transitional//EN"
    "http://www.w3.org/TR/xhtml1/DTD/xhtml1-transitional.dtd">
<html xmlns="http://www.w3.org/1999/xhtml" xml:lang="en" lang="en">
 <head>
  <title>
</title>
<meta http-equiv="Content-Type" content="text/html;charset=utf-8" />
  <meta name='ocr-system' content='tesseract 3.04.00' />
  <meta name='ocr-capabilities' content='ocr_page ocr_carea ocr_par ocr_line ocrx_word'/>
</head>
<body>
  <div class='ocr_page' id='page_1' title='image "./publivergilimar02virggoog/publivergilimar02virggoog_0176.png"; bbox 0 0 3467 4367; ppageno 0'>
   <div class='ocr_carea' id='block_1_1' title="bbox 462 626 1081 680">
    <p class='ocr_par' dir='ltr' id='par_1_1' title="bbox 462 626 1081 680">
     <span class='ocr_line' id='line_1_1' title="bbox 462 626 1081 680; baseline -0.01 0"><span class='ocrx_word' id='word_1_1' title='bbox 462 632 508 680; x_wconf 85' lang='lat' dir='ltr'>leo</span> <span class='ocrx_word' id='word_1_2' title='bbox 694 627 725 678; x_wconf 92' lang='lat' dir='ltr'>P.</span> <span class='ocrx_word' id='word_1_3' title='bbox 744 627 897 677; x_wconf 75' lang='lat' dir='ltr'>VERGILI</span> <span class='ocrx_word' id='word_1_4' title='bbox 914 626 1081 675; x_wconf 83' lang='lat' dir='ltr'>MARONIS</span> 
     </span>
    </p>
   </div>
   <div class='ocr_carea' id='block_1_2' title="bbox 374 713 1332 3691">
    <p class='ocr_par' dir='ltr' id='par_1_2' title="bbox 374 713 1332 3691">
     <span class='ocr_line' id='line_1_2' title="bbox 463 713 1205 785; baseline -0.005 -13"><span class='ocrx_word' id='word_1_5' title='bbox 463 717 602 785; x_wconf 83' lang='lat' dir='ltr'>Instigant</span> <span class='ocrx_word' id='word_1_6' title='bbox 620 714 727 783; x_wconf 89' lang='lat' dir='ltr'>studiis,</span> <span class='ocrx_word' id='word_1_7' title='bbox 746 717 917 783; x_wconf 78' lang='lat' dir='ltr'>resonatque·</span> <span class='ocrx_word' id='word_1_8' title='bbox 930 714 1085 782; x_wconf 72' lang='lat' dir='ltr'>fragoribus</span> <span class='ocrx_word' id='word_1_9' title='bbox 1103 713 1205 769; x_wconf 80' lang='lat' dir='ltr'>aether.</span> 
     </span>
     <span class='ocr_line' id='line_1_3' title="bbox 463 791 1279 861; baseline -0.002 -12"><span class='ocrx_word' id='word_1_10' title='bbox 463 794 502 849; x_wconf 90' lang='lat' dir='ltr'>Hi</span> <span class='ocrx_word' id='word_1_11' title='bbox 519 793 659 861; x_wconf 86' lang='lat' dir='ltr'>proprium</span> <span class='ocrx_word' id='word_1_12' title='bbox 677 791 761 845; x_wconf 90' lang='lat' dir='ltr'>decus</span> <span class='ocrx_word' id='word_1_13' title='bbox 779 795 809 845; x_wconf 89' lang='lat' dir='ltr'>et</span> <span class='ocrx_word' id='word_1_14' title='bbox 826 794 937 860; x_wconf 88' lang='lat' dir='ltr'>partum</span> <span class='ocrx_word' id='word_1_15' title='bbox 955 791 1131 859; x_wconf 74' lang='lat' dir='ltr'>indignantur</span> <span class='ocrx_word' id='word_1_16' title='bbox 1148 792 1279 847; x_wconf 86' lang='lat' dir='ltr'>honorem</span> 
     </span>
     <span class='ocr_line' id='line_1_4' title="bbox 374 866 1320 936; baseline -0.001 -13"><span class='ocrx_word' id='word_1_17' title='bbox 374 911 376 915; x_wconf 71' lang='lat'>‚</span> <span class='ocrx_word' id='word_1_18' title='bbox 462 868 500 923; x_wconf 85' lang='lat' dir='ltr'>Ni</span> <span class='ocrx_word' id='word_1_19' title='bbox 516 872 638 935; x_wconf 75' lang='lat' dir='ltr'>teneant,</span> <span class='ocrx_word' id='word_1_20' title='bbox 656 867 797 935; x_wconf 86' lang='lat' dir='ltr'>vitamque</span> <span class='ocrx_word' id='word_1_21' title='bbox 816 866 912 920; x_wconf 83' lang='lat' dir='ltr'>volunt</span> <span class='ocrx_word' id='word_1_22' title='bbox 930 883 981 935; x_wconf 91' lang='lat' dir='ltr'>pro</span> <span class='ocrx_word' id='word_1_23' title='bbox 999 867 1081 921; x_wconf 90' lang='lat' dir='ltr'>laude</span> <span class='ocrx_word' id='word_1_24' title='bbox 1098 868 1211 936; x_wconf 90' lang='lat' dir='ltr'>pacisci;</span> <span class='ocrx_word' id='word_1_25' title='bbox 1284 883 1320 922; x_wconf 77' lang='lat' dir='ltr'>aso</span> 
     </span>
     <span class='ocr_line' id='line_1_5' title="bbox 463 942 1241 1013; baseline -0.003 -13"><span class='ocrx_word' id='word_1_26' title='bbox 463 946 523 1000; x_wconf 90' lang='lat' dir='ltr'>Hos</span> <span class='ocrx_word' id='word_1_27' title='bbox 541 960 681 1000; x_wconf 76' lang='lat' dir='ltr'>successus</span> <span class='ocrx_word' id='word_1_28' title='bbox 699 942 765 997; x_wconf 87' lang='lat' dir='ltr'>alit:</span> <span class='ocrx_word' id='word_1_29' title='bbox 784 946 907 1013; x_wconf 87' lang='lat' dir='ltr'>possunt,</span> <span class='ocrx_word' id='word_1_30' title='bbox 926 944 991 1012; x_wconf 88' lang='lat' dir='ltr'>quia</span> <span class='ocrx_word' id='word_1_31' title='bbox 1007 960 1086 1012; x_wconf 88' lang='lat' dir='ltr'>posse</span> <span class='ocrx_word' id='word_1_32' title='bbox 1104 945 1241 998; x_wconf 89' lang='lat' dir='ltr'>videntur.</span> 
     </span>
     <span class='ocr_line' id='line_1_6' title="bbox 463 1020 1129 1089; baseline -0.005 -12"><span class='ocrx_word' id='word_1_33' title='bbox 463 1023 500 1077; x_wconf 81' lang='lat' dir='ltr'>llt</span> <span class='ocrx_word' id='word_1_34' title='bbox 516 1022 574 1074; x_wconf 86' lang='lat' dir='ltr'>fors</span> <span class='ocrx_word' id='word_1_35' title='bbox 591 1020 716 1089; x_wconf 88' lang='lat' dir='ltr'>aequatis</span> <span class='ocrx_word' id='word_1_36' title='bbox 733 1020 871 1088; x_wconf 83' lang='lat' dir='ltr'>cepissent</span> <span class='ocrx_word' id='word_1_37' title='bbox 888 1021 1009 1089; x_wconf 82' lang='lat' dir='ltr'>praemia</span> <span class='ocrx_word' id='word_1_38' title='bbox 1027 1020 1129 1089; x_wconf 89' lang='lat' dir='ltr'>rostris,</span> 
     </span>
     <span class='ocr_line' id='line_1_7' title="bbox 462 1096 1182 1167; baseline -0.003 -15"><span class='ocrx_word' id='word_1_39' title='bbox 462 1099 500 1153; x_wconf 86' lang='lat' dir='ltr'>Ni</span> <span class='ocrx_word' id='word_1_40' title='bbox 516 1098 621 1167; x_wconf 86' lang='lat' dir='ltr'>palmas</span> <span class='ocrx_word' id='word_1_41' title='bbox 638 1100 724 1167; x_wconf 88' lang='lat' dir='ltr'>ponto</span> <span class='ocrx_word' id='word_1_42' title='bbox 742 1096 861 1151; x_wconf 87' lang='lat' dir='ltr'>tendons</span> <span class='ocrx_word' id='word_1_43' title='bbox 879 1102 1013 1165; x_wconf 88' lang='lat' dir='ltr'>utrasque</span> <span class='ocrx_word' id='word_1_44' title='bbox 1032 1097 1182 1151; x_wconf 79' lang='lat' dir='ltr'>Cloanthus</span> 
     </span>
     <span class='ocr_line' id='line_1_8' title="bbox 463 1174 1205 1242; baseline -0.003 -14"><span class='ocrx_word' id='word_1_45' title='bbox 463 1174 648 1242; x_wconf 76' lang='lat' dir='ltr'>Vudissetque</span> <span class='ocrx_word' id='word_1_46' title='bbox 666 1190 769 1242; x_wconf 87' lang='lat' dir='ltr'>preces,</span> <span class='ocrx_word' id='word_1_47' title='bbox 789 1174 922 1242; x_wconf 84' lang='lat' dir='ltr'>divosque</span> <span class='ocrx_word' id='word_1_48' title='bbox 941 1174 970 1227; x_wconf 92' lang='lat' dir='ltr'>in</span> <span class='ocrx_word' id='word_1_49' title='bbox 989 1177 1051 1227; x_wconf 88' lang='lat' dir='ltr'>vota</span> <span class='ocrx_word' id='word_1_50' title='bbox 1068 1177 1205 1227; x_wconf 82' lang='lat' dir='ltr'>vocasset:</span> 
     </span>
     <span class='ocr_line' id='line_1_9' title="bbox 463 1250 1320 1319; baseline -0.005 -16"><span class='ocrx_word' id='word_1_51' title='bbox 463 1251 506 1317; x_wconf 90' lang='lat' dir='ltr'>Di,</span> <span class='ocrx_word' id='word_1_52' title='bbox 520 1250 619 1319; x_wconf 90' lang='lat' dir='ltr'>quibus</span> <span class='ocrx_word' id='word_1_53' title='bbox 637 1250 772 1318; x_wconf 88' lang='lat' dir='ltr'>inperium</span> <span class='ocrx_word' id='word_1_54' title='bbox 790 1251 882 1319; x_wconf 87' lang='lat' dir='ltr'>pelagi</span> <span class='ocrx_word' id='word_1_55' title='bbox 900 1254 950 1317; x_wconf 89' lang='lat' dir='ltr'>est,</span> <span class='ocrx_word' id='word_1_56' title='bbox 967 1266 1082 1319; x_wconf 91' lang='lat' dir='ltr'>quorum</span> <span class='ocrx_word' id='word_1_57' title='bbox 1100 1264 1219 1318; x_wconf 87' lang='lat' dir='ltr'>aequora</span> <span class='ocrx_word' id='word_1_58' title='bbox 1235 1264 1320 1313; x_wconf 78' lang='lat' dir='ltr'>curro,</span> 
     </span>
     <span class='ocr_line' id='line_1_10' title="bbox 463 1326 1247 1396; baseline 0 -17"><span class='ocrx_word' id='word_1_59' title='bbox 463 1326 549 1380; x_wconf 89' lang='lat' dir='ltr'>Vobis</span> <span class='ocrx_word' id='word_1_60' title='bbox 567 1327 656 1381; x_wconf 86' lang='lat' dir='ltr'>laetus</span> <span class='ocrx_word' id='word_1_61' title='bbox 673 1345 723 1396; x_wconf 87' lang='lat' dir='ltr'>ego</span> <span class='ocrx_word' id='word_1_62' title='bbox 741 1328 793 1381; x_wconf 94' lang='lat' dir='ltr'>hoc</span> <span class='ocrx_word' id='word_1_63' title='bbox 810 1327 974 1381; x_wconf 89' lang='lat' dir='ltr'>candentem</span> <span class='ocrx_word' id='word_1_64' title='bbox 992 1327 1118 1388; x_wconf 83' lang='lat' dir='ltr'>inlitora</span> <span class='ocrx_word' id='word_1_65' title='bbox 1136 1329 1247 1379; x_wconf 84' lang='lat' dir='ltr'>taurum</span> 
     </span>
     <span class='ocr_line' id='line_1_11' title="bbox 449 1402 1210 1473; baseline -0.001 -16"><span class='ocrx_word' id='word_1_66' title='bbox 449 1402 635 1457; x_wconf 78' lang='lat' dir='ltr'>‘Constituam</span> <span class='ocrx_word' id='word_1_67' title='bbox 653 1408 717 1458; x_wconf 86' lang='lat' dir='ltr'>ante</span> <span class='ocrx_word' id='word_1_68' title='bbox 735 1421 804 1472; x_wconf 87' lang='lat' dir='ltr'>aras,</span> <span class='ocrx_word' id='word_1_69' title='bbox 823 1404 881 1457; x_wconf 87' lang='lat' dir='ltr'>voti</span> <span class='ocrx_word' id='word_1_70' title='bbox 899 1419 970 1472; x_wconf 86' lang='lat' dir='ltr'>reus,</span> <span class='ocrx_word' id='word_1_71' title='bbox 989 1407 1107 1473; x_wconf 78' lang='lat' dir='ltr'>extaque</span> <span class='ocrx_word' id='word_1_72' title='bbox 1125 1403 1210 1456; x_wconf 90' lang='lat' dir='ltr'>salsos</span> 
     </span>
     <span class='ocr_line' id='line_1_12' title="bbox 463 1478 1191 1547; baseline -0.001 -14"><span class='ocrx_word' id='word_1_73' title='bbox 463 1479 611 1534; x_wconf 90' lang='lat' dir='ltr'>Porrieiam</span> <span class='ocrx_word' id='word_1_74' title='bbox 628 1481 657 1534; x_wconf 88' lang='lat' dir='ltr'>in</span> <span class='ocrx_word' id='word_1_75' title='bbox 674 1481 773 1534; x_wconf 86' lang='lat' dir='ltr'>fluctus</span> <span class='ocrx_word' id='word_1_76' title='bbox 793 1482 822 1533; x_wconf 89' lang='lat' dir='ltr'>et</span> <span class='ocrx_word' id='word_1_77' title='bbox 839 1480 902 1534; x_wconf 82' lang='lat' dir='ltr'>vina</span> <span class='ocrx_word' id='word_1_78' title='bbox 920 1480 1054 1547; x_wconf 90' lang='lat' dir='ltr'>liquentia</span> <span class='ocrx_word' id='word_1_79' title='bbox 1071 1478 1191 1533; x_wconf 86' lang='lat' dir='ltr'>fundam</span> 
     </span>
     <span class='ocr_line' id='line_1_13' title="bbox 463 1556 1191 1626; baseline 0.004 -18"><span class='ocrx_word' id='word_1_80' title='bbox 463 1556 548 1623; x_wconf 85' lang='lat' dir='ltr'>Dixit,</span> <span class='ocrx_word' id='word_1_81' title='bbox 567 1574 685 1626; x_wconf 86' lang='lat' dir='ltr'>eumque</span> <span class='ocrx_word' id='word_1_82' title='bbox 702 1558 764 1612; x_wconf 89' lang='lat' dir='ltr'>imis</span> <span class='ocrx_word' id='word_1_83' title='bbox 783 1556 835 1611; x_wconf 88' lang='lat' dir='ltr'>sub</span> <span class='ocrx_word' id='word_1_84' title='bbox 854 1556 982 1611; x_wconf 88' lang='lat' dir='ltr'>fluctibus</span> <span class='ocrx_word' id='word_1_85' title='bbox 1000 1557 1087 1610; x_wconf 89' lang='lat' dir='ltr'>audiit</span> <span class='ocrx_word' id='word_1_86' title='bbox 1104 1556 1191 1611; x_wconf 89' lang='lat' dir='ltr'>omnis</span> 
     </span>
     <span class='ocr_line' id='line_1_14' title="bbox 463 1631 1322 1702; baseline -0.001 -17"><span class='ocrx_word' id='word_1_87' title='bbox 463 1631 614 1686; x_wconf 87' lang='lat' dir='ltr'>Nereidum</span> <span class='ocrx_word' id='word_1_88' title='bbox 634 1633 786 1702; x_wconf 86' lang='lat' dir='ltr'>Phorcique</span> <span class='ocrx_word' id='word_1_89' title='bbox 804 1633 902 1687; x_wconf 86' lang='lat' dir='ltr'>chorus</span> <span class='ocrx_word' id='word_1_90' title='bbox 921 1633 1101 1702; x_wconf 89' lang='lat' dir='ltr'>Panopeaque</span> <span class='ocrx_word' id='word_1_91' title='bbox 1119 1633 1204 1701; x_wconf 85' lang='lat' dir='ltr'>virgo,</span> <span class='ocrx_word' id='word_1_92' title='bbox 1287 1647 1322 1685; x_wconf 76' lang='lat' dir='ltr'>aro</span> 
     </span>
     <span class='ocr_line' id='line_1_15' title="bbox 463 1708 1174 1777; baseline 0.001 -15"><span class='ocrx_word' id='word_1_93' title='bbox 463 1708 500 1762; x_wconf 80' lang='lat' dir='ltr'>Et</span> <span class='ocrx_word' id='word_1_94' title='bbox 517 1713 597 1776; x_wconf 88' lang='lat' dir='ltr'>pater</span> <span class='ocrx_word' id='word_1_95' title='bbox 615 1709 674 1777; x_wconf 90' lang='lat' dir='ltr'>ipse</span> <span class='ocrx_word' id='word_1_96' title='bbox 691 1726 773 1762; x_wconf 89' lang='lat' dir='ltr'>mauu</span> <span class='ocrx_word' id='word_1_97' title='bbox 791 1726 890 1776; x_wconf 88' lang='lat' dir='ltr'>magna</span> <span class='ocrx_word' id='word_1_98' title='bbox 908 1709 1045 1763; x_wconf 81' lang='lat' dir='ltr'>Portunus</span> <span class='ocrx_word' id='word_1_99' title='bbox 1063 1712 1174 1763; x_wconf 89' lang='lat' dir='ltr'>euntem</span> 
     </span>
     <span class='ocr_line' id='line_1_16' title="bbox 465 1784 1134 1854; baseline 0.001 -16"><span class='ocrx_word' id='word_1_100' title='bbox 465 1784 582 1852; x_wconf 89' lang='lat' dir='ltr'>Inpulit;</span> <span class='ocrx_word' id='word_1_101' title='bbox 600 1785 647 1837; x_wconf 91' lang='lat' dir='ltr'>illa</span> <span class='ocrx_word' id='word_1_102' title='bbox 666 1786 740 1839; x_wconf 88' lang='lat' dir='ltr'>Noto</span> <span class='ocrx_word' id='word_1_103' title='bbox 759 1786 840 1839; x_wconf 87' lang='lat' dir='ltr'>citius</span> <span class='ocrx_word' id='word_1_104' title='bbox 857 1785 1014 1854; x_wconf 86' lang='lat' dir='ltr'>volucrique</span> <span class='ocrx_word' id='word_1_105' title='bbox 1033 1786 1134 1853; x_wconf 84' lang='lat' dir='ltr'>sagitta</span> 
     </span>
     <span class='ocr_line' id='line_1_17' title="bbox 465 1861 1147 1931; baseline 0.001 -17"><span class='ocrx_word' id='word_1_106' title='bbox 465 1861 512 1914; x_wconf 82' lang='lat' dir='ltr'>Ad</span> <span class='ocrx_word' id='word_1_107' title='bbox 529 1865 631 1914; x_wconf 88' lang='lat' dir='ltr'>terram</span> <span class='ocrx_word' id='word_1_108' title='bbox 649 1861 728 1930; x_wconf 85' lang='lat' dir='ltr'>fugit,</span> <span class='ocrx_word' id='word_1_109' title='bbox 747 1864 777 1915; x_wconf 89' lang='lat' dir='ltr'>ct</span> <span class='ocrx_word' id='word_1_110' title='bbox 794 1864 877 1931; x_wconf 87' lang='lat' dir='ltr'>portu</span> <span class='ocrx_word' id='word_1_111' title='bbox 895 1878 925 1915; x_wconf 89' lang='lat' dir='ltr'>se</span> <span class='ocrx_word' id='word_1_112' title='bbox 943 1862 1065 1916; x_wconf 89' lang='lat' dir='ltr'>condidit</span> <span class='ocrx_word' id='word_1_113' title='bbox 1082 1862 1147 1916; x_wconf 89' lang='lat' dir='ltr'>alte.</span> 
     </span>
     <span class='ocr_line' id='line_1_18' title="bbox 464 1936 1181 2006; baseline 0.004 -17"><span class='ocrx_word' id='word_1_114' title='bbox 464 1936 532 1990; x_wconf 81' lang='lat' dir='ltr'>&#39;lum</span> <span class='ocrx_word' id='word_1_115' title='bbox 550 1940 626 1990; x_wconf 90' lang='lat' dir='ltr'>satus</span> <span class='ocrx_word' id='word_1_116' title='bbox 646 1937 774 2006; x_wconf 85' lang='lat' dir='ltr'>Anchisa,</span> <span class='ocrx_word' id='word_1_117' title='bbox 793 1938 899 1992; x_wconf 90' lang='lat' dir='ltr'>eunctis</span> <span class='ocrx_word' id='word_1_118' title='bbox 917 1955 952 1992; x_wconf 86' lang='lat' dir='ltr'>ex</span> <span class='ocrx_word' id='word_1_119' title='bbox 969 1954 1046 1992; x_wconf 89' lang='lat' dir='ltr'>more</span> <span class='ocrx_word' id='word_1_120' title='bbox 1065 1938 1181 2006; x_wconf 70' lang='lat' dir='ltr'>vocatis.</span> 
     </span>
     <span class='ocr_line' id='line_1_19' title="bbox 465 2013 1325 2083; baseline 0.002 -16"><span class='ocrx_word' id='word_1_121' title='bbox 465 2013 605 2067; x_wconf 83' lang='lat' dir='ltr'>Victorem</span> <span class='ocrx_word' id='word_1_122' title='bbox 622 2029 721 2081; x_wconf 88' lang='lat' dir='ltr'>magna</span> <span class='ocrx_word' id='word_1_123' title='bbox 739 2014 879 2083; x_wconf 87' lang='lat' dir='ltr'>praeconis</span> <span class='ocrx_word' id='word_1_124' title='bbox 897 2030 963 2069; x_wconf 84' lang='lat' dir='ltr'>voce</span> <span class='ocrx_word' id='word_1_125' title='bbox 983 2014 1147 2068; x_wconf 83' lang='lat' dir='ltr'>Cloanthum</span> <span class='ocrx_word' id='word_1_126' title='bbox 1287 2026 1325 2069; x_wconf 69' lang='lat' dir='ltr'>ut</span> 
     </span>
     <span class='ocr_line' id='line_1_20' title="bbox 464 2088 1138 2159; baseline 0.001 -18"><span class='ocrx_word' id='word_1_127' title='bbox 464 2088 601 2156; x_wconf 84' lang='lat' dir='ltr'>Declarat,</span> <span class='ocrx_word' id='word_1_128' title='bbox 620 2088 754 2158; x_wconf 85' lang='lat' dir='ltr'>viridique</span> <span class='ocrx_word' id='word_1_129' title='bbox 775 2090 886 2144; x_wconf 86' lang='lat' dir='ltr'>advelat</span> <span class='ocrx_word' id='word_1_130' title='bbox 904 2092 1030 2159; x_wconf 87' lang='lat' dir='ltr'>tempora</span> <span class='ocrx_word' id='word_1_131' title='bbox 1047 2090 1138 2154; x_wconf 89' lang='lat' dir='ltr'>lauro;</span> 
     </span>
     <span class='ocr_line' id='line_1_21' title="bbox 464 2164 1150 2235; baseline 0.001 -16"><span class='ocrx_word' id='word_1_132' title='bbox 464 2164 637 2235; x_wconf 87' lang='lat' dir='ltr'>Muneraquc</span> <span class='ocrx_word' id='word_1_133' title='bbox 654 2166 683 2219; x_wconf 89' lang='lat' dir='ltr'>in</span> <span class='ocrx_word' id='word_1_134' title='bbox 701 2167 778 2221; x_wconf 89' lang='lat' dir='ltr'>navis</span> <span class='ocrx_word' id='word_1_135' title='bbox 796 2170 889 2221; x_wconf 86' lang='lat' dir='ltr'>ternos</span> <span class='ocrx_word' id='word_1_136' title='bbox 909 2169 1005 2235; x_wconf 87' lang='lat' dir='ltr'>optare</span> <span class='ocrx_word' id='word_1_137' title='bbox 1023 2167 1150 2220; x_wconf 79' lang='lat' dir='ltr'>iuuencos</span> 
     </span>
     <span class='ocr_line' id='line_1_22' title="bbox 465 2241 1232 2311; baseline 0 -16"><span class='ocrx_word' id='word_1_138' title='bbox 465 2241 590 2311; x_wconf 75' lang='lat' dir='ltr'>Vinaque</span> <span class='ocrx_word' id='word_1_139' title='bbox 609 2246 638 2297; x_wconf 88' lang='lat' dir='ltr'>et</span> <span class='ocrx_word' id='word_1_140' title='bbox 656 2243 765 2311; x_wconf 84' lang='lat' dir='ltr'>argenti</span> <span class='ocrx_word' id='word_1_141' title='bbox 785 2260 913 2311; x_wconf 86' lang='lat' dir='ltr'>maguum</span> <span class='ocrx_word' id='word_1_142' title='bbox 933 2241 983 2295; x_wconf 85' lang='lat' dir='ltr'>dat</span> <span class='ocrx_word' id='word_1_143' title='bbox 999 2243 1071 2296; x_wconf 84' lang='lat' dir='ltr'>ferre</span> <span class='ocrx_word' id='word_1_144' title='bbox 1089 2242 1232 2296; x_wconf 86' lang='lat' dir='ltr'>talentum.</span> 
     </span>
     <span class='ocr_line' id='line_1_23' title="bbox 466 2317 1140 2388; baseline 0.001 -18"><span class='ocrx_word' id='word_1_145' title='bbox 466 2317 538 2385; x_wconf 89' lang='lat' dir='ltr'>Ipsis</span> <span class='ocrx_word' id='word_1_146' title='bbox 555 2320 715 2388; x_wconf 88' lang='lat' dir='ltr'>praecipuos</span> <span class='ocrx_word' id='word_1_147' title='bbox 733 2318 894 2374; x_wconf 86' lang='lat' dir='ltr'>ductoribus</span> <span class='ocrx_word' id='word_1_148' title='bbox 914 2318 993 2373; x_wconf 88' lang='lat' dir='ltr'>addit</span> <span class='ocrx_word' id='word_1_149' title='bbox 1010 2319 1140 2381; x_wconf 78' lang='lat' dir='ltr'>honores:</span> 
     </span>
     <span class='ocr_line' id='line_1_24' title="bbox 465 2392 1326 2465; baseline -0.003 -17"><span class='ocrx_word' id='word_1_150' title='bbox 465 2394 571 2449; x_wconf 86' lang='lat' dir='ltr'>Victori</span> <span class='ocrx_word' id='word_1_151' title='bbox 589 2396 758 2464; x_wconf 86' lang='lat' dir='ltr'>chlamydem</span> <span class='ocrx_word' id='word_1_152' title='bbox 777 2399 910 2462; x_wconf 87' lang='lat' dir='ltr'>auratam,</span> <span class='ocrx_word' id='word_1_153' title='bbox 932 2412 1013 2465; x_wconf 89' lang='lat' dir='ltr'>quam</span> <span class='ocrx_word' id='word_1_154' title='bbox 1028 2394 1146 2463; x_wconf 87' lang='lat' dir='ltr'>plurima</span> <span class='ocrx_word' id='word_1_155' title='bbox 1158 2392 1259 2447; x_wconf 87' lang='lat' dir='ltr'>circum</span> <span class='ocrx_word' id='word_1_156' title='bbox 1288 2405 1326 2445; x_wconf 82' lang='lat' dir='ltr'>ato</span> 
     </span>
     <span class='ocr_line' id='line_1_25' title="bbox 466 2468 1178 2540; baseline 0.001 -18"><span class='ocrx_word' id='word_1_157' title='bbox 466 2468 591 2537; x_wconf 90' lang='lat' dir='ltr'>Purpura</span> <span class='ocrx_word' id='word_1_158' title='bbox 609 2471 759 2525; x_wconf 87' lang='lat' dir='ltr'>Maeandro</span> <span class='ocrx_word' id='word_1_159' title='bbox 777 2471 879 2540; x_wconf 90' lang='lat' dir='ltr'>duplici</span> <span class='ocrx_word' id='word_1_160' title='bbox 898 2470 1033 2525; x_wconf 86' lang='lat' dir='ltr'>Meliboea</span> <span class='ocrx_word' id='word_1_161' title='bbox 1051 2469 1178 2537; x_wconf 89' lang='lat' dir='ltr'>cucurrit,</span> 
     </span>
     <span class='ocr_line' id='line_1_26' title="bbox 467 2544 1066 2615; baseline -0.002 -16"><span class='ocrx_word' id='word_1_162' title='bbox 467 2547 650 2613; x_wconf 72' lang='lat' dir='ltr'>Intentusque</span> <span class='ocrx_word' id='word_1_163' title='bbox 668 2564 736 2615; x_wconf 89' lang='lat' dir='ltr'>puer</span> <span class='ocrx_word' id='word_1_164' title='bbox 754 2547 884 2601; x_wconf 88' lang='lat' dir='ltr'>frondosa</span> <span class='ocrx_word' id='word_1_165' title='bbox 902 2548 994 2615; x_wconf 87' lang='lat' dir='ltr'>regius</span> <span class='ocrx_word' id='word_1_166' title='bbox 1013 2544 1066 2598; x_wconf 91' lang='lat' dir='ltr'>Ida</span> 
     </span>
     <span class='ocr_line' id='line_1_27' title="bbox 467 2622 1066 2691; baseline 0 -16"><span class='ocrx_word' id='word_1_167' title='bbox 467 2622 575 2675; x_wconf 88' lang='lat' dir='ltr'>Velocis</span> <span class='ocrx_word' id='word_1_168' title='bbox 593 2623 679 2676; x_wconf 89' lang='lat' dir='ltr'>iaequ</span> <span class='ocrx_word' id='word_1_169' title='bbox 696 2639 790 2676; x_wconf 87' lang='lat' dir='ltr'>cervos</span> <span class='ocrx_word' id='word_1_170' title='bbox 807 2640 943 2691; x_wconf 90' lang='lat' dir='ltr'>cursuque</span> <span class='ocrx_word' id='word_1_171' title='bbox 960 2622 1066 2690; x_wconf 83' lang='lat' dir='ltr'>fatigat,</span> 
     </span>
     <span class='ocr_line' id='line_1_28' title="bbox 469 2697 1186 2767; baseline -0.001 -15"><span class='ocrx_word' id='word_1_172' title='bbox 469 2699 549 2766; x_wconf 77' lang='lat' dir='ltr'>Acer,</span> <span class='ocrx_word' id='word_1_173' title='bbox 567 2699 706 2753; x_wconf 87' lang='lat' dir='ltr'>anhelanti</span> <span class='ocrx_word' id='word_1_174' title='bbox 724 2699 827 2766; x_wconf 86' lang='lat' dir='ltr'>similis,</span> <span class='ocrx_word' id='word_1_175' title='bbox 847 2716 929 2767; x_wconf 89' lang='lat' dir='ltr'>quem</span> <span class='ocrx_word' id='word_1_176' title='bbox 947 2714 1061 2766; x_wconf 86' lang='lat' dir='ltr'>praepes</span> <span class='ocrx_word' id='word_1_177' title='bbox 1078 2698 1114 2752; x_wconf 92' lang='lat' dir='ltr'>ab</span> <span class='ocrx_word' id='word_1_178' title='bbox 1133 2697 1186 2751; x_wconf 92' lang='lat' dir='ltr'>Ida</span> 
     </span>
     <span class='ocr_line' id='line_1_29' title="bbox 468 2774 1327 2844; baseline -0.006 -14"><span class='ocrx_word' id='word_1_179' title='bbox 468 2774 616 2830; x_wconf 82' lang='lat' dir='ltr'>Sublimem</span> <span class='ocrx_word' id='word_1_180' title='bbox 634 2775 750 2843; x_wconf 89' lang='lat' dir='ltr'>pedibus</span> <span class='ocrx_word' id='word_1_181' title='bbox 768 2776 860 2844; x_wconf 90' lang='lat' dir='ltr'>rapuit</span> <span class='ocrx_word' id='word_1_182' title='bbox 880 2775 953 2828; x_wconf 88' lang='lat' dir='ltr'>Iovis</span> <span class='ocrx_word' id='word_1_183' title='bbox 971 2775 1089 2842; x_wconf 80' lang='lat' dir='ltr'>armiger</span> <span class='ocrx_word' id='word_1_184' title='bbox 1106 2774 1198 2839; x_wconf 89' lang='lat' dir='ltr'>uneis;</span> <span class='ocrx_word' id='word_1_185' title='bbox 1291 2786 1327 2825; x_wconf 78' lang='lat'>2⁵⁵</span> 
     </span>
     <span class='ocr_line' id='line_1_30' title="bbox 468 2850 1208 2921; baseline -0.001 -16"><span class='ocrx_word' id='word_1_186' title='bbox 468 2850 604 2918; x_wconf 73' lang='lat' dir='ltr'>Longareni</span> <span class='ocrx_word' id='word_1_187' title='bbox 622 2852 726 2919; x_wconf 88' lang='lat' dir='ltr'>palmas</span> <span class='ocrx_word' id='word_1_188' title='bbox 743 2852 910 2921; x_wconf 89' lang='lat' dir='ltr'>nequiquam</span> <span class='ocrx_word' id='word_1_189' title='bbox 927 2852 964 2904; x_wconf 89' lang='lat' dir='ltr'>ad</span> <span class='ocrx_word' id='word_1_190' title='bbox 981 2850 1072 2905; x_wconf 88' lang='lat' dir='ltr'>sidera</span> <span class='ocrx_word' id='word_1_191' title='bbox 1089 2850 1208 2904; x_wconf 85' lang='lat' dir='ltr'>tendunt</span> 
     </span>
     <span class='ocr_line' id='line_1_31' title="bbox 468 2927 1174 2997; baseline -0.003 -15"><span class='ocrx_word' id='word_1_192' title='bbox 468 2927 610 2994; x_wconf 84' lang='lat' dir='ltr'>Custodes,</span> <span class='ocrx_word' id='word_1_193' title='bbox 628 2928 769 2997; x_wconf 88' lang='lat' dir='ltr'>saevitque</span> <span class='ocrx_word' id='word_1_194' title='bbox 789 2945 888 2982; x_wconf 91' lang='lat' dir='ltr'>canum</span> <span class='ocrx_word' id='word_1_195' title='bbox 907 2928 1024 2981; x_wconf 88' lang='lat' dir='ltr'>latratus</span> <span class='ocrx_word' id='word_1_196' title='bbox 1042 2928 1070 2980; x_wconf 91' lang='lat' dir='ltr'>in</span> <span class='ocrx_word' id='word_1_197' title='bbox 1088 2943 1174 2980; x_wconf 84' lang='lat' dir='ltr'>auras.</span> 
     </span>
     <span class='ocr_line' id='line_1_32' title="bbox 469 3002 1204 3071; baseline -0.001 -14"><span class='ocrx_word' id='word_1_198' title='bbox 469 3003 510 3057; x_wconf 79' lang='lat' dir='ltr'>At</span> <span class='ocrx_word' id='word_1_199' title='bbox 527 3005 574 3071; x_wconf 90' lang='lat' dir='ltr'>qui</span> <span class='ocrx_word' id='word_1_200' title='bbox 593 3004 693 3058; x_wconf 91' lang='lat' dir='ltr'>deinde</span> <span class='ocrx_word' id='word_1_201' title='bbox 711 3005 800 3059; x_wconf 92' lang='lat' dir='ltr'>locum</span> <span class='ocrx_word' id='word_1_202' title='bbox 818 3004 909 3059; x_wconf 91' lang='lat' dir='ltr'>tenuit</span> <span class='ocrx_word' id='word_1_203' title='bbox 926 3004 1029 3057; x_wconf 86' lang='lat' dir='ltr'>virtute</span> <span class='ocrx_word' id='word_1_204' title='bbox 1048 3002 1204 3069; x_wconf 81' lang='lat' dir='ltr'>secuudum,</span> 
     </span>
     <span class='ocr_line' id='line_1_33' title="bbox 469 3079 1222 3147; baseline -0.001 -13"><span class='ocrx_word' id='word_1_205' title='bbox 469 3079 588 3134; x_wconf 82' lang='lat' dir='ltr'>Levibus</span> <span class='ocrx_word' id='word_1_206' title='bbox 606 3081 669 3134; x_wconf 94' lang='lat' dir='ltr'>huic</span> <span class='ocrx_word' id='word_1_207' title='bbox 687 3082 774 3136; x_wconf 89' lang='lat' dir='ltr'>hamis</span> <span class='ocrx_word' id='word_1_208' title='bbox 793 3085 947 3135; x_wconf 85' lang='lat' dir='ltr'>consertam</span> <span class='ocrx_word' id='word_1_209' title='bbox 965 3095 1087 3147; x_wconf 88' lang='lat' dir='ltr'>auroque</span> <span class='ocrx_word' id='word_1_210' title='bbox 1105 3079 1222 3133; x_wconf 86' lang='lat' dir='ltr'>trilicem</span> 
     </span>
     <span class='ocr_line' id='line_1_34' title="bbox 469 3155 1332 3226; baseline -0.003 -16"><span class='ocrx_word' id='word_1_211' title='bbox 469 3156 602 3224; x_wconf 86' lang='lat' dir='ltr'>Loricam,</span> <span class='ocrx_word' id='word_1_212' title='bbox 621 3174 703 3226; x_wconf 90' lang='lat' dir='ltr'>quam</span> <span class='ocrx_word' id='word_1_213' title='bbox 723 3157 854 3211; x_wconf 87' lang='lat' dir='ltr'>Demoleo</span> <span class='ocrx_word' id='word_1_214' title='bbox 873 3157 1034 3211; x_wconf 86' lang='lat' dir='ltr'>detraxerat</span> <span class='ocrx_word' id='word_1_215' title='bbox 1050 3155 1109 3223; x_wconf 88' lang='lat' dir='ltr'>ipse</span> <span class='ocrx_word' id='word_1_216' title='bbox 1293 3168 1332 3207; x_wconf 81' lang='lat' dir='ltr'>aco</span> 
     </span>
     <span class='ocr_line' id='line_1_35' title="bbox 469 3229 1291 3302; baseline 0 -16"><span class='ocrx_word' id='word_1_217' title='bbox 469 3232 566 3286; x_wconf 88' lang='lat' dir='ltr'>Victor</span> <span class='ocrx_word' id='word_1_218' title='bbox 583 3233 657 3302; x_wconf 92' lang='lat' dir='ltr'>apud</span> <span class='ocrx_word' id='word_1_219' title='bbox 675 3233 801 3300; x_wconf 85' lang='lat' dir='ltr'>rapidum</span> <span class='ocrx_word' id='word_1_220' title='bbox 819 3234 959 3287; x_wconf 84' lang='lat' dir='ltr'>Simoenta</span> <span class='ocrx_word' id='word_1_221' title='bbox 977 3231 1028 3285; x_wconf 90' lang='lat' dir='ltr'>sub</span> <span class='ocrx_word' id='word_1_222' title='bbox 1047 3229 1099 3284; x_wconf 91' lang='lat' dir='ltr'>Ilio</span> <span class='ocrx_word' id='word_1_223' title='bbox 1117 3230 1181 3296; x_wconf 83' lang='lat' dir='ltr'>alto,</span> <span class='ocrx_word' id='word_1_224' title='bbox 1274 3255 1291 3286; x_wconf 81' lang='lat' dir='ltr'><em>o</em></span> 
     </span>
     <span class='ocr_line' id='line_1_36' title="bbox 469 3306 1214 3376; baseline -0.001 -16"><span class='ocrx_word' id='word_1_225' title='bbox 469 3308 562 3361; x_wconf 90' lang='lat' dir='ltr'>Donat</span> <span class='ocrx_word' id='word_1_226' title='bbox 579 3308 681 3362; x_wconf 87' lang='lat' dir='ltr'>habere</span> <span class='ocrx_word' id='word_1_227' title='bbox 699 3308 768 3376; x_wconf 83' lang='lat' dir='ltr'>viro,</span> <span class='ocrx_word' id='word_1_228' title='bbox 786 3308 871 3363; x_wconf 89' lang='lat' dir='ltr'>decus</span> <span class='ocrx_word' id='word_1_229' title='bbox 890 3312 920 3364; x_wconf 87' lang='lat' dir='ltr'>et</span> <span class='ocrx_word' id='word_1_230' title='bbox 936 3312 1061 3362; x_wconf 87' lang='lat' dir='ltr'>tutamen</span> <span class='ocrx_word' id='word_1_231' title='bbox 1078 3306 1107 3360; x_wconf 92' lang='lat' dir='ltr'>in</span> <span class='ocrx_word' id='word_1_232' title='bbox 1125 3306 1214 3359; x_wconf 88' lang='lat' dir='ltr'>armis.</span> 
     </span>
     <span class='ocr_line' id='line_1_37' title="bbox 470 3381 1202 3452; baseline -0.003 -15"><span class='ocrx_word' id='word_1_233' title='bbox 470 3383 525 3437; x_wconf 86' lang='lat' dir='ltr'>Vix</span> <span class='ocrx_word' id='word_1_234' title='bbox 543 3383 617 3437; x_wconf 88' lang='lat' dir='ltr'>illam</span> <span class='ocrx_word' id='word_1_235' title='bbox 634 3383 728 3436; x_wconf 87' lang='lat' dir='ltr'>famuli</span> <span class='ocrx_word' id='word_1_236' title='bbox 747 3384 874 3451; x_wconf 86' lang='lat' dir='ltr'>Phegeus</span> <span class='ocrx_word' id='word_1_237' title='bbox 893 3384 1057 3452; x_wconf 81' lang='lat' dir='ltr'>Sagarisque</span> <span class='ocrx_word' id='word_1_238' title='bbox 1076 3381 1202 3436; x_wconf 85' lang='lat' dir='ltr'>ferebant</span> 
     </span>
     <span class='ocr_line' id='line_1_38' title="bbox 463 3458 1198 3527; baseline -0.001 -16"><span class='ocrx_word' id='word_1_239' title='bbox 463 3459 657 3527; x_wconf 84' lang='lat' dir='ltr'>Multiplieem,</span> <span class='ocrx_word' id='word_1_240' title='bbox 676 3459 785 3514; x_wconf 87' lang='lat' dir='ltr'>connixi</span> <span class='ocrx_word' id='word_1_241' title='bbox 802 3460 939 3524; x_wconf 84' lang='lat' dir='ltr'>humeris3</span> <span class='ocrx_word' id='word_1_242' title='bbox 955 3460 1068 3513; x_wconf 91' lang='lat' dir='ltr'>indutus</span> <span class='ocrx_word' id='word_1_243' title='bbox 1087 3462 1117 3513; x_wconf 89' lang='lat' dir='ltr'>at</span> <span class='ocrx_word' id='word_1_244' title='bbox 1134 3458 1198 3511; x_wconf 90' lang='lat' dir='ltr'>olim</span> 
     </span>
     <span class='ocr_line' id='line_1_39' title="bbox 449 3534 1197 3612; baseline 0.005 -28"><span class='ocrx_word' id='word_1_245' title='bbox 449 3534 608 3592; x_wconf 85' lang='lat' dir='ltr'>Demoleos</span> <span class='ocrx_word' id='word_1_246' title='bbox 625 3554 711 3593; x_wconf 91' lang='lat' dir='ltr'>cursu</span> <span class='ocrx_word' id='word_1_247' title='bbox 728 3538 855 3610; x_wconf 88' lang='lat' dir='ltr'>palantis</span> <span class='ocrx_word' id='word_1_248' title='bbox 872 3538 961 3593; x_wconf 74' lang='lat' dir='ltr'>Troas</span> <span class='ocrx_word' id='word_1_249' title='bbox 978 3535 1089 3606; x_wconf 82' lang='lat' dir='ltr'>agebat.</span> <span class='ocrx_word' id='word_1_250' title='bbox 1181 3589 1197 3612; x_wconf 37' lang='grc' dir='ltr'>Ι,</span> 
     </span>
     <span class='ocr_line' id='line_1_40' title="bbox 438 3606 1266 3691; baseline 0.002 -32"><span class='ocrx_word' id='word_1_251' title='bbox 438 3606 538 3664; x_wconf 73' lang='lat' dir='ltr'>Tertia</span> <span class='ocrx_word' id='word_1_252' title='bbox 559 3613 636 3672; x_wconf 87' lang='lat' dir='ltr'>dona</span> <span class='ocrx_word' id='word_1_253' title='bbox 655 3617 728 3675; x_wconf 84' lang='lat' dir='ltr'>facit</span> <span class='ocrx_word' id='word_1_254' title='bbox 747 3617 884 3691; x_wconf 89' lang='lat' dir='ltr'>geminos</span> <span class='ocrx_word' id='word_1_255' title='bbox 904 3633 945 3672; x_wconf 78' lang='lat' dir='ltr'>ex</span> <span class='ocrx_word' id='word_1_256' title='bbox 961 3631 1031 3671; x_wconf 87' lang='lat' dir='ltr'>acre</span> <span class='ocrx_word' id='word_1_257' title='bbox 1043 3611 1168 3673; x_wconf 73' lang='lat' dir='ltr'>lebetas,</span> <span class='ocrx_word' id='word_1_258' title='bbox 1261 3631 1266 3639; x_wconf 80' lang='lat'>·</span> 
     </span>
    </p>
   </div>
   <div class='ocr_carea' id='block_1_3' title="bbox 424 3665 1319 3774">
    <p class='ocr_par' dir='ltr' id='par_1_3' title="bbox 424 3665 1319 3774">
     <span class='ocr_line' id='line_1_41' title="bbox 424 3665 1319 3774; baseline -0.007 -26"><span class='ocrx_word' id='word_1_259' title='bbox 424 3679 615 3765; x_wconf 67' lang='lat' dir='ltr'>Ombiaque</span> <span class='ocrx_word' id='word_1_260' title='bbox 634 3702 770 3771; x_wconf 83' lang='lat' dir='ltr'>argento</span> <span class='ocrx_word' id='word_1_261' title='bbox 788 3697 931 3774; x_wconf 79' lang='lat' dir='ltr'>perfecta</span> <span class='ocrx_word' id='word_1_262' title='bbox 950 3697 1045 3766; x_wconf 81' lang='lat' dir='ltr'>atque</span> <span class='ocrx_word' id='word_1_263' title='bbox 1059 3699 1166 3756; x_wconf 59' lang='lat' dir='ltr'>aspero</span> <span class='ocrx_word' id='word_1_264' title='bbox 1182 3678 1283 3743; x_wconf 49' lang='lat' dir='ltr'>&amp;iffi</span> <span class='ocrx_word' id='word_1_265' title='bbox 1314 3665 1319 3673; x_wconf 41' lang='grc'><strong>”</strong></span> 
     </span>
    </p>
   </div>
   <div class='ocr_carea' id='block_1_4' title="bbox 0 0 1750 4367">
    <p class='ocr_par' dir='ltr' id='par_1_4' title="bbox 0 0 1750 4367">
     <span class='ocr_line' id='line_1_42' title="bbox 0 0 1750 4367; baseline 0 0"><span class='ocrx_word' id='word_1_266' title='bbox 0 0 1750 4367; x_wconf 95' lang='lat' dir='ltr'> </span> 
     </span>
    </p>
   </div>
  </div>
 </body>
</html>
