<?xml version="1.0" encoding="UTF-8"?>
<!DOCTYPE html PUBLIC "-//W3C//DTD XHTML 1.0 Transitional//EN"
    "http://www.w3.org/TR/xhtml1/DTD/xhtml1-transitional.dtd">
<html xmlns="http://www.w3.org/1999/xhtml" xml:lang="en" lang="en">
 <head>
  <title>
</title>
<meta http-equiv="Content-Type" content="text/html;charset=utf-8" />
  <meta name='ocr-system' content='tesseract 3.04.00' />
  <meta name='ocr-capabilities' content='ocr_page ocr_carea ocr_par ocr_line ocrx_word'/>
</head>
<body>
  <div class='ocr_page' id='page_1' title='image "./publivergilimar02virggoog/publivergilimar02virggoog_0025.png"; bbox 0 0 3467 4367; ppageno 0'>
   <div class='ocr_carea' id='block_1_1' title="bbox 690 623 1301 676">
    <p class='ocr_par' dir='ltr' id='par_1_1' title="bbox 690 623 1301 676">
     <span class='ocr_line' id='line_1_1' title="bbox 690 623 1301 676; baseline -0.007 -3"><span class='ocrx_word' id='word_1_1' title='bbox 690 626 880 676; x_wconf 75' lang='lat' dir='ltr'><strong>BUGOLIOA.</strong></span> <span class='ocrx_word' id='word_1_2' title='bbox 905 624 979 673; x_wconf 83' lang='lat' dir='ltr'><strong>EGL.</strong></span> <span class='ocrx_word' id='word_1_3' title='bbox 993 624 1057 673; x_wconf 82' lang='lat' dir='ltr'>VII.</span> <span class='ocrx_word' id='word_1_4' title='bbox 1271 623 1301 670; x_wconf 84' lang='lat'><strong>15</strong></span> 
     </span>
    </p>
   </div>
   <div class='ocr_carea' id='block_1_2' title="bbox 415 700 1304 3773">
    <p class='ocr_par' dir='ltr' id='par_1_2' title="bbox 415 700 1304 3773">
     <span class='ocr_line' id='line_1_2' title="bbox 447 700 1247 774; baseline -0.008 -13"><span class='ocrx_word' id='word_1_5' title='bbox 447 706 512 761; x_wconf 86' lang='lat' dir='ltr'><strong>Huc</strong></span> <span class='ocrx_word' id='word_1_6' title='bbox 528 705 603 774; x_wconf 83' lang='lat' dir='ltr'><strong>ades,</strong></span> <span class='ocrx_word' id='word_1_7' title='bbox 621 723 638 761; x_wconf 93' lang='lat' dir='ltr'><strong>o</strong></span> <span class='ocrx_word' id='word_1_8' title='bbox 656 708 806 762; x_wconf 80' lang='lat' dir='ltr'><strong>Meliboee!</strong></span> <span class='ocrx_word' id='word_1_9' title='bbox 825 710 907 774; x_wconf 79' lang='lat' dir='ltr'><strong>caper</strong></span> <span class='ocrx_word' id='word_1_10' title='bbox 924 704 976 759; x_wconf 88' lang='lat' dir='ltr'><strong>tibi</strong></span> <span class='ocrx_word' id='word_1_11' title='bbox 993 705 1084 759; x_wconf 82' lang='lat' dir='ltr'><strong>salvus</strong></span> <span class='ocrx_word' id='word_1_12' title='bbox 1102 706 1132 759; x_wconf 90' lang='lat' dir='ltr'><strong>et</strong></span> <span class='ocrx_word' id='word_1_13' title='bbox 1149 700 1247 768; x_wconf 81' lang='lat' dir='ltr'><strong>haedi3</strong></span> 
     </span>
     <span class='ocr_line' id='line_1_3' title="bbox 446 780 1304 853; baseline -0.005 -17"><span class='ocrx_word' id='word_1_14' title='bbox 446 783 491 850; x_wconf 84' lang='lat' dir='ltr'><strong>Et,</strong></span> <span class='ocrx_word' id='word_1_15' title='bbox 510 784 534 837; x_wconf 92' lang='lat' dir='ltr'><strong>si</strong></span> <span class='ocrx_word' id='word_1_16' title='bbox 552 783 620 851; x_wconf 90' lang='lat' dir='ltr'><strong>quid</strong></span> <span class='ocrx_word' id='word_1_17' title='bbox 638 800 745 838; x_wconf 88' lang='lat' dir='ltr'><strong>cessare</strong></span> <span class='ocrx_word' id='word_1_18' title='bbox 763 787 848 853; x_wconf 89' lang='lat' dir='ltr'><strong>potos,</strong></span> <span class='ocrx_word' id='word_1_19' title='bbox 866 782 1009 852; x_wconf 81' lang='lat' dir='ltr'><strong>requiesce</strong></span> <span class='ocrx_word' id='word_1_20' title='bbox 1027 781 1080 835; x_wconf 91' lang='lat' dir='ltr'><strong>sub</strong></span> <span class='ocrx_word' id='word_1_21' title='bbox 1096 780 1201 835; x_wconf 85' lang='lat' dir='ltr'><strong>umbra.</strong></span> <span class='ocrx_word' id='word_1_22' title='bbox 1279 793 1304 833; x_wconf 95' lang='lat' dir='ltr'><strong>1o</strong></span> 
     </span>
     <span class='ocr_line' id='line_1_4' title="bbox 447 860 1126 931; baseline -0.001 -17"><span class='ocrx_word' id='word_1_23' title='bbox 447 861 512 915; x_wconf 89' lang='lat' dir='ltr'><strong>Huc</strong></span> <span class='ocrx_word' id='word_1_24' title='bbox 529 860 581 928; x_wconf 91' lang='lat' dir='ltr'><strong>ipsi</strong></span> <span class='ocrx_word' id='word_1_25' title='bbox 599 865 694 929; x_wconf 89' lang='lat' dir='ltr'><strong>potum</strong></span> <span class='ocrx_word' id='word_1_26' title='bbox 713 862 822 914; x_wconf 84' lang='lat' dir='ltr'><strong>venient</strong></span> <span class='ocrx_word' id='word_1_27' title='bbox 839 878 890 931; x_wconf 89' lang='lat' dir='ltr'><strong>per</strong></span> <span class='ocrx_word' id='word_1_28' title='bbox 907 864 987 930; x_wconf 87' lang='lat' dir='ltr'><strong>prata</strong></span> <span class='ocrx_word' id='word_1_29' title='bbox 1004 860 1126 924; x_wconf 62' lang='lat' dir='ltr'><strong>iuvenem</strong></span> 
     </span>
     <span class='ocr_line' id='line_1_5' title="bbox 446 936 1125 1007; baseline -0.001 -16"><span class='ocrx_word' id='word_1_30' title='bbox 446 937 503 991; x_wconf 90' lang='lat' dir='ltr'><strong>Hic</strong></span> <span class='ocrx_word' id='word_1_31' title='bbox 519 936 616 990; x_wconf 81' lang='lat' dir='ltr'><strong>viridis</strong></span> <span class='ocrx_word' id='word_1_32' title='bbox 634 940 729 991; x_wconf 82' lang='lat' dir='ltr'><strong>tenera</strong></span> <span class='ocrx_word' id='word_1_33' title='bbox 745 938 884 1007; x_wconf 81' lang='lat' dir='ltr'><strong>praetexit</strong></span> <span class='ocrx_word' id='word_1_34' title='bbox 902 939 1035 992; x_wconf 86' lang='lat' dir='ltr'><strong>arundine</strong></span> <span class='ocrx_word' id='word_1_35' title='bbox 1053 938 1125 1006; x_wconf 83' lang='lat' dir='ltr'><strong>ripas</strong></span> 
     </span>
     <span class='ocr_line' id='line_1_6' title="bbox 446 1013 1174 1083; baseline -0.003 -16"><span class='ocrx_word' id='word_1_36' title='bbox 446 1013 573 1080; x_wconf 81' lang='lat' dir='ltr'>Mincius,</span> <span class='ocrx_word' id='word_1_37' title='bbox 592 1030 662 1082; x_wconf 87' lang='lat' dir='ltr'><strong>eque</strong></span> <span class='ocrx_word' id='word_1_38' title='bbox 681 1030 758 1067; x_wconf 86' lang='lat' dir='ltr'><strong>saera</strong></span> <span class='ocrx_word' id='word_1_39' title='bbox 775 1018 904 1067; x_wconf 89' lang='lat' dir='ltr'><strong>resonant</strong></span> <span class='ocrx_word' id='word_1_40' title='bbox 922 1016 1047 1068; x_wconf 83' lang='lat' dir='ltr'><strong>examina</strong></span> <span class='ocrx_word' id='word_1_41' title='bbox 1064 1030 1174 1083; x_wconf 88' lang='lat' dir='ltr'><strong>quercu.</strong></span> 
     </span>
     <span class='ocr_line' id='line_1_7' title="bbox 447 1088 1269 1159; baseline -0.001 -17"><span class='ocrx_word' id='word_1_42' title='bbox 447 1089 522 1155; x_wconf 82' lang='lat' dir='ltr'>Quid</span> <span class='ocrx_word' id='word_1_43' title='bbox 538 1090 676 1144; x_wconf 83' lang='lat' dir='ltr'><strong>faeereml</strong></span> <span class='ocrx_word' id='word_1_44' title='bbox 694 1107 783 1159; x_wconf 89' lang='lat' dir='ltr'><strong>neque</strong></span> <span class='ocrx_word' id='word_1_45' title='bbox 801 1106 853 1157; x_wconf 82' lang='lat' dir='ltr'><strong>ego</strong></span> <span class='ocrx_word' id='word_1_46' title='bbox 873 1090 1017 1159; x_wconf 82' lang='lat' dir='ltr'><strong>Alcippen,</strong></span> <span class='ocrx_word' id='word_1_47' title='bbox 1035 1107 1123 1159; x_wconf 88' lang='lat' dir='ltr'><strong>neque</strong></span> <span class='ocrx_word' id='word_1_48' title='bbox 1143 1088 1269 1157; x_wconf 79' lang='lat' dir='ltr'>Phyllida</span> 
     </span>
     <span class='ocr_line' id='line_1_8' title="bbox 516 1165 1006 1234; baseline 0 -15"><span class='ocrx_word' id='word_1_49' title='bbox 516 1165 662 1233; x_wconf 81' lang='lat' dir='ltr'><strong>habebam,</strong></span> <span class='ocrx_word' id='word_1_50' title='bbox 995 1210 1006 1234; x_wconf 79' lang='lat'><strong>,</strong></span> 
     </span>
     <span class='ocr_line' id='line_1_9' title="bbox 451 1241 1303 1311; baseline -0.002 -18"><span class='ocrx_word' id='word_1_51' title='bbox 451 1242 585 1311; x_wconf 79' lang='lat' dir='ltr'><strong>[lepulsos</strong></span> <span class='ocrx_word' id='word_1_52' title='bbox 602 1259 619 1296; x_wconf 92' lang='lat' dir='ltr'><strong>a</strong></span> <span class='ocrx_word' id='word_1_53' title='bbox 636 1242 708 1295; x_wconf 79' lang='lat' dir='ltr'><strong>laete</strong></span> <span class='ocrx_word' id='word_1_54' title='bbox 726 1241 800 1294; x_wconf 86' lang='lat' dir='ltr'><strong>domi</strong></span> <span class='ocrx_word' id='word_1_55' title='bbox 818 1257 890 1309; x_wconf 90' lang='lat' dir='ltr'><strong>quae</strong></span> <span class='ocrx_word' id='word_1_56' title='bbox 908 1241 1049 1295; x_wconf 80' lang='lat' dir='ltr'><strong>clauderet</strong></span> <span class='ocrx_word' id='word_1_57' title='bbox 1066 1257 1166 1308; x_wconf 78' lang='lat' dir='ltr'><strong>agn0s3</strong></span> <span class='ocrx_word' id='word_1_58' title='bbox 1232 1259 1235 1266; x_wconf 95' lang='lat'>·</span> <span class='ocrx_word' id='word_1_59' title='bbox 1279 1253 1303 1291; x_wconf 75' lang='grc' dir='ltr'><strong>ιε</strong></span> 
     </span>
     <span class='ocr_line' id='line_1_10' title="bbox 448 1317 1264 1386; baseline -0.001 -16"><span class='ocrx_word' id='word_1_60' title='bbox 448 1318 484 1370; x_wconf 80' lang='lat' dir='ltr'><strong>llt</strong></span> <span class='ocrx_word' id='word_1_61' title='bbox 502 1322 641 1372; x_wconf 86' lang='lat' dir='ltr'><strong>certamen</strong></span> <span class='ocrx_word' id='word_1_62' title='bbox 659 1320 728 1384; x_wconf 83' lang='lat' dir='ltr'><strong>erat,</strong></span> <span class='ocrx_word' id='word_1_63' title='bbox 747 1318 874 1386; x_wconf 80' lang='lat' dir='ltr'>Corydon</span> <span class='ocrx_word' id='word_1_64' title='bbox 891 1333 952 1371; x_wconf 88' lang='lat' dir='ltr'><strong>cum</strong></span> <span class='ocrx_word' id='word_1_65' title='bbox 971 1317 1110 1385; x_wconf 82' lang='lat' dir='ltr'><strong>Thyrside,</strong></span> <span class='ocrx_word' id='word_1_66' title='bbox 1127 1331 1264 1383; x_wconf 75' lang='lat' dir='ltr'><strong>magnum.</strong></span> 
     </span>
     <span class='ocr_line' id='line_1_11' title="bbox 448 1392 1092 1448; baseline 0.003 -3"><span class='ocrx_word' id='word_1_67' title='bbox 448 1392 600 1447; x_wconf 81' lang='lat' dir='ltr'><strong>Posthabui</strong></span> <span class='ocrx_word' id='word_1_68' title='bbox 617 1396 709 1447; x_wconf 81' lang='lat' dir='ltr'><strong>tamen</strong></span> <span class='ocrx_word' id='word_1_69' title='bbox 726 1393 835 1446; x_wconf 90' lang='lat' dir='ltr'><strong>illorum</strong></span> <span class='ocrx_word' id='word_1_70' title='bbox 853 1410 915 1448; x_wconf 87' lang='lat' dir='ltr'><strong>mea</strong></span> <span class='ocrx_word' id='word_1_71' title='bbox 932 1393 1004 1447; x_wconf 87' lang='lat' dir='ltr'><strong>seria</strong></span> <span class='ocrx_word' id='word_1_72' title='bbox 1021 1393 1092 1447; x_wconf 87' lang='lat' dir='ltr'><strong>ludo.</strong></span> 
     </span>
     <span class='ocr_line' id='line_1_12' title="bbox 451 1452 1101 1537; baseline -0.002 -14"><span class='ocrx_word' id='word_1_73' title='bbox 451 1469 574 1523; x_wconf 77' lang='lat' dir='ltr'><strong>Alternis</strong></span> <span class='ocrx_word' id='word_1_74' title='bbox 591 1470 677 1537; x_wconf 86' lang='lat' dir='ltr'><strong>igitur</strong></span> <span class='ocrx_word' id='word_1_75' title='bbox 694 1452 861 1524; x_wconf 66' lang='lat' dir='ltr'><strong>eontdndcre</strong></span> <span class='ocrx_word' id='word_1_76' title='bbox 880 1469 1004 1523; x_wconf 82' lang='lat' dir='ltr'><strong>versibus</strong></span> <span class='ocrx_word' id='word_1_77' title='bbox 1021 1469 1101 1523; x_wconf 89' lang='lat' dir='ltr'><strong>ambo</strong></span> 
     </span>
     <span class='ocr_line' id='line_1_13' title="bbox 448 1528 1164 1614; baseline 0.001 -15"><span class='ocrx_word' id='word_1_78' title='bbox 448 1528 589 1614; x_wconf 69' lang='lat' dir='ltr'><strong>Coepere;</strong></span> <span class='ocrx_word' id='word_1_79' title='bbox 606 1545 726 1603; x_wconf 87' lang='lat' dir='ltr'><strong>alternos</strong></span> <span class='ocrx_word' id='word_1_80' title='bbox 743 1546 840 1599; x_wconf 82' lang='lat' dir='ltr'><strong>Musae</strong></span> <span class='ocrx_word' id='word_1_81' title='bbox 858 1547 1012 1600; x_wconf 83' lang='lat' dir='ltr'><strong>meminisse</strong></span> <span class='ocrx_word' id='word_1_82' title='bbox 1029 1545 1164 1601; x_wconf 84' lang='lat' dir='ltr'><strong>volebant.</strong></span> 
     </span>
     <span class='ocr_line' id='line_1_14' title="bbox 451 1610 1302 1691; baseline 0.001 -16"><span class='ocrx_word' id='word_1_83' title='bbox 451 1622 510 1675; x_wconf 89' lang='lat' dir='ltr'><strong>Hos</strong></span> <span class='ocrx_word' id='word_1_84' title='bbox 529 1621 662 1691; x_wconf 80' lang='lat' dir='ltr'>Corydon,</span> <span class='ocrx_word' id='word_1_85' title='bbox 681 1621 741 1674; x_wconf 88' lang='lat' dir='ltr'><strong>illos</strong></span> <span class='ocrx_word' id='word_1_86' title='bbox 759 1610 899 1676; x_wconf 77' lang='lat' dir='ltr'><strong>referebat</strong></span> <span class='ocrx_word' id='word_1_87' title='bbox 916 1622 945 1674; x_wconf 89' lang='lat' dir='ltr'><strong>in</strong></span> <span class='ocrx_word' id='word_1_88' title='bbox 963 1623 1059 1676; x_wconf 86' lang='lat' dir='ltr'><strong>ordine</strong></span> <span class='ocrx_word' id='word_1_89' title='bbox 1078 1622 1195 1691; x_wconf 82' lang='lat' dir='ltr'><strong>Thyrsis.</strong></span> <span class='ocrx_word' id='word_1_90' title='bbox 1276 1636 1302 1676; x_wconf 81' lang='lat' dir='ltr'><strong>ao</strong></span> 
     </span>
     <span class='ocr_line' id='line_1_15' title="bbox 484 1696 1260 1768; baseline 0 -15"><span class='ocrx_word' id='word_1_91' title='bbox 484 1696 513 1753; x_wconf 81' lang='lat'><strong>0.</strong></span> <span class='ocrx_word' id='word_1_92' title='bbox 547 1698 698 1768; x_wconf 81' lang='lat' dir='ltr'><strong>Nymphae,</strong></span> <span class='ocrx_word' id='word_1_93' title='bbox 716 1701 811 1752; x_wconf 89' lang='lat' dir='ltr'><strong>noster</strong></span> <span class='ocrx_word' id='word_1_94' title='bbox 827 1714 911 1763; x_wconf 87' lang='lat' dir='ltr'><strong>amor,</strong></span> <span class='ocrx_word' id='word_1_95' title='bbox 931 1698 1110 1765; x_wconf 86' lang='lat' dir='ltr'><strong>Libethrides,</strong></span> <span class='ocrx_word' id='word_1_96' title='bbox 1128 1702 1177 1753; x_wconf 88' lang='lat' dir='ltr'><strong>aut</strong></span> <span class='ocrx_word' id='word_1_97' title='bbox 1193 1698 1260 1754; x_wconf 92' lang='lat' dir='ltr'><strong>mihi</strong></span> 
     </span>
     <span class='ocr_line' id='line_1_16' title="bbox 518 1791 635 1843; baseline -0.017 -13"><span class='ocrx_word' id='word_1_98' title='bbox 518 1791 635 1843; x_wconf 85' lang='lat' dir='ltr'><strong>carmen,</strong></span> 
     </span>
     <span class='ocr_line' id='line_1_17' title="bbox 449 1850 1172 1918; baseline 0.001 -14"><span class='ocrx_word' id='word_1_99' title='bbox 449 1852 537 1917; x_wconf 86' lang='lat' dir='ltr'><strong>Quale</strong></span> <span class='ocrx_word' id='word_1_100' title='bbox 554 1868 615 1906; x_wconf 91' lang='lat' dir='ltr'><strong>meo</strong></span> <span class='ocrx_word' id='word_1_101' title='bbox 633 1851 731 1918; x_wconf 82' lang='lat' dir='ltr'><strong>Codro,</strong></span> <span class='ocrx_word' id='word_1_102' title='bbox 749 1852 908 1916; x_wconf 89' lang='lat' dir='ltr'><strong>concedite;</strong></span> <span class='ocrx_word' id='word_1_103' title='bbox 926 1851 1050 1918; x_wconf 85' lang='lat' dir='ltr'><strong>proxima</strong></span> <span class='ocrx_word' id='word_1_104' title='bbox 1068 1850 1172 1906; x_wconf 86' lang='lat' dir='ltr'><strong>Phoebi</strong></span> 
     </span>
     <span class='ocr_line' id='line_1_18' title="bbox 451 1927 1214 1997; baseline 0.005 -18"><span class='ocrx_word' id='word_1_105' title='bbox 451 1928 583 1982; x_wconf 87' lang='lat' dir='ltr'><strong>Versibus</strong></span> <span class='ocrx_word' id='word_1_106' title='bbox 601 1928 648 1982; x_wconf 91' lang='lat' dir='ltr'><strong>ille</strong></span> <span class='ocrx_word' id='word_1_107' title='bbox 664 1927 747 1994; x_wconf 73' lang='lat' dir='ltr'><strong>lacit}</strong></span> <span class='ocrx_word' id='word_1_108' title='bbox 764 1931 820 1992; x_wconf 87' lang='lat' dir='ltr'><strong>aut,</strong></span> <span class='ocrx_word' id='word_1_109' title='bbox 838 1927 860 1979; x_wconf 90' lang='lat' dir='ltr'><strong>si</strong></span> <span class='ocrx_word' id='word_1_110' title='bbox 879 1943 932 1981; x_wconf 92' lang='lat' dir='ltr'><strong>non</strong></span> <span class='ocrx_word' id='word_1_111' title='bbox 951 1943 1094 1995; x_wconf 88' lang='lat' dir='ltr'><strong>possumus</strong></span> <span class='ocrx_word' id='word_1_112' title='bbox 1112 1944 1214 1997; x_wconf 89' lang='lat' dir='ltr'><strong>omnes,</strong></span> 
     </span>
     <span class='ocr_line' id='line_1_19' title="bbox 452 2003 1064 2073; baseline 0.002 -16"><span class='ocrx_word' id='word_1_113' title='bbox 452 2003 506 2057; x_wconf 90' lang='lat' dir='ltr'><strong>Hic</strong></span> <span class='ocrx_word' id='word_1_114' title='bbox 522 2007 622 2072; x_wconf 81' lang='lat' dir='ltr'><strong>arguta</strong></span> <span class='ocrx_word' id='word_1_115' title='bbox 638 2021 714 2058; x_wconf 83' lang='lat' dir='ltr'><strong>sacre</strong></span> <span class='ocrx_word' id='word_1_116' title='bbox 731 2003 864 2073; x_wconf 88' lang='lat' dir='ltr'><strong>pendebit</strong></span> <span class='ocrx_word' id='word_1_117' title='bbox 882 2004 974 2058; x_wconf 89' lang='lat' dir='ltr'><strong>fistula</strong></span> <span class='ocrx_word' id='word_1_118' title='bbox 991 2004 1064 2073; x_wconf 90' lang='lat' dir='ltr'><strong>pinu.</strong></span> 
     </span>
     <span class='ocr_line' id='line_1_20' title="bbox 453 2079 1301 2149; baseline 0 -14"><span class='ocrx_word' id='word_1_119' title='bbox 453 2079 484 2135; x_wconf 82' lang='lat' dir='ltr'><strong>T.</strong></span> <span class='ocrx_word' id='word_1_120' title='bbox 502 2079 637 2145; x_wconf 74' lang='lat' dir='ltr'><strong>Fautores,</strong></span> <span class='ocrx_word' id='word_1_121' title='bbox 655 2079 758 2133; x_wconf 89' lang='lat' dir='ltr'><strong>hedera</strong></span> <span class='ocrx_word' id='word_1_122' title='bbox 775 2084 931 2133; x_wconf 86' lang='lat' dir='ltr'><strong>nascentem</strong></span> <span class='ocrx_word' id='word_1_123' title='bbox 949 2084 1045 2134; x_wconf 85' lang='lat' dir='ltr'><strong>ornate</strong></span> <span class='ocrx_word' id='word_1_124' title='bbox 1062 2084 1179 2149; x_wconf 87' lang='lat' dir='ltr'><strong>poetam,</strong></span> <span class='ocrx_word' id='word_1_125' title='bbox 1276 2096 1301 2135; x_wconf 79' lang='lat' dir='ltr'><strong>ae</strong></span> 
     </span>
     <span class='ocr_line' id='line_1_21' title="bbox 453 2154 1123 2225; baseline 0.001 -16"><span class='ocrx_word' id='word_1_126' title='bbox 453 2155 583 2223; x_wconf 84' lang='lat' dir='ltr'><strong>Arcades,</strong></span> <span class='ocrx_word' id='word_1_127' title='bbox 602 2154 705 2209; x_wconf 85' lang='lat' dir='ltr'><strong>invidia</strong></span> <span class='ocrx_word' id='word_1_128' title='bbox 722 2159 885 2225; x_wconf 89' lang='lat' dir='ltr'><strong>rumpantur</strong></span> <span class='ocrx_word' id='word_1_129' title='bbox 901 2160 933 2209; x_wconf 90' lang='lat' dir='ltr'><strong>ut</strong></span> <span class='ocrx_word' id='word_1_130' title='bbox 951 2156 999 2209; x_wconf 86' lang='lat' dir='ltr'><strong>ilia</strong></span> <span class='ocrx_word' id='word_1_131' title='bbox 1017 2156 1123 2223; x_wconf 84' lang='lat' dir='ltr'><strong>Oodro;</strong></span> 
     </span>
     <span class='ocr_line' id='line_1_22' title="bbox 451 2230 1231 2302; baseline 0.004 -17"><span class='ocrx_word' id='word_1_132' title='bbox 451 2233 517 2296; x_wconf 81' lang='lat' dir='ltr'><strong>Aut,</strong></span> <span class='ocrx_word' id='word_1_133' title='bbox 535 2230 559 2285; x_wconf 90' lang='lat' dir='ltr'><strong>si</strong></span> <span class='ocrx_word' id='word_1_134' title='bbox 576 2232 649 2285; x_wconf 85' lang='lat' dir='ltr'><strong>ultra</strong></span> <span class='ocrx_word' id='word_1_135' title='bbox 666 2232 798 2302; x_wconf 85' lang='lat' dir='ltr'><strong>placitum</strong></span> <span class='ocrx_word' id='word_1_136' title='bbox 814 2231 943 2297; x_wconf 85' lang='lat' dir='ltr'><strong>laudarit,</strong></span> <span class='ocrx_word' id='word_1_137' title='bbox 962 2231 1095 2286; x_wconf 80' lang='lat' dir='ltr'><strong>baechare</strong></span> <span class='ocrx_word' id='word_1_138' title='bbox 1112 2233 1231 2288; x_wconf 82' lang='lat' dir='ltr'><strong>frontem</strong></span> 
     </span>
     <span class='ocr_line' id='line_1_23' title="bbox 450 2306 1123 2377; baseline 0.006 -18"><span class='ocrx_word' id='word_1_139' title='bbox 450 2306 568 2375; x_wconf 77' lang='lat' dir='ltr'><strong>cingite,</strong></span> <span class='ocrx_word' id='word_1_140' title='bbox 585 2325 621 2363; x_wconf 91' lang='lat' dir='ltr'><strong>ne</strong></span> <span class='ocrx_word' id='word_1_141' title='bbox 639 2309 694 2363; x_wconf 82' lang='lat' dir='ltr'><strong>vati</strong></span> <span class='ocrx_word' id='word_1_142' title='bbox 711 2313 811 2364; x_wconf 84' lang='lat' dir='ltr'><strong>noceat</strong></span> <span class='ocrx_word' id='word_1_143' title='bbox 826 2308 898 2361; x_wconf 87' lang='lat' dir='ltr'><strong>mala</strong></span> <span class='ocrx_word' id='word_1_144' title='bbox 915 2308 1007 2377; x_wconf 85' lang='lat' dir='ltr'><strong>lingua</strong></span> <span class='ocrx_word' id='word_1_145' title='bbox 1024 2308 1123 2363; x_wconf 79' lang='lat' dir='ltr'><strong>futuro.</strong></span> 
     </span>
     <span class='ocr_line' id='line_1_24' title="bbox 487 2380 1181 2455; baseline 0.003 -18"><span class='ocrx_word' id='word_1_146' title='bbox 487 2380 514 2437; x_wconf 80' lang='lat'><strong>0.</strong></span> <span class='ocrx_word' id='word_1_147' title='bbox 533 2383 638 2439; x_wconf 83' lang='lat' dir='ltr'><strong>Saetosi</strong></span> <span class='ocrx_word' id='word_1_148' title='bbox 654 2389 737 2455; x_wconf 86' lang='lat' dir='ltr'><strong>caput</strong></span> <span class='ocrx_word' id='word_1_149' title='bbox 754 2385 804 2439; x_wconf 90' lang='lat' dir='ltr'><strong>hoc</strong></span> <span class='ocrx_word' id='word_1_150' title='bbox 822 2385 881 2452; x_wconf 86' lang='lat' dir='ltr'><strong>apri</strong></span> <span class='ocrx_word' id='word_1_151' title='bbox 899 2383 958 2452; x_wconf 90' lang='lat' dir='ltr'><strong>tihi,</strong></span> <span class='ocrx_word' id='word_1_152' title='bbox 977 2385 1062 2452; x_wconf 83' lang='lat' dir='ltr'><strong>Delia,</strong></span> <span class='ocrx_word' id='word_1_153' title='bbox 1080 2401 1181 2454; x_wconf 85' lang='lat' dir='ltr'><strong>parvus</strong></span> 
     </span>
     <span class='ocr_line' id='line_1_25' title="bbox 452 2460 1301 2517; baseline 0.005 -4"><span class='ocrx_word' id='word_1_154' title='bbox 452 2460 488 2514; x_wconf 83' lang='lat' dir='ltr'><strong>llt</strong></span> <span class='ocrx_word' id='word_1_155' title='bbox 505 2476 611 2514; x_wconf 81' lang='lat' dir='ltr'><strong>ramosa</strong></span> <span class='ocrx_word' id='word_1_156' title='bbox 628 2462 719 2516; x_wconf 88' lang='lat' dir='ltr'><strong>Micon</strong></span> <span class='ocrx_word' id='word_1_157' title='bbox 736 2462 835 2515; x_wconf 83' lang='lat' dir='ltr'><strong>vivacis</strong></span> <span class='ocrx_word' id='word_1_158' title='bbox 852 2477 953 2515; x_wconf 88' lang='lat' dir='ltr'><strong>cornua</strong></span> <span class='ocrx_word' id='word_1_159' title='bbox 970 2463 1049 2516; x_wconf 86' lang='lat' dir='ltr'><strong>cervi.</strong></span> <span class='ocrx_word' id='word_1_160' title='bbox 1275 2479 1301 2517; x_wconf 85' lang='lat' dir='ltr'><strong>so</strong></span> 
     </span>
     <span class='ocr_line' id='line_1_26' title="bbox 449 2537 1163 2605; baseline 0.006 -14"><span class='ocrx_word' id='word_1_161' title='bbox 449 2537 479 2592; x_wconf 82' lang='lat' dir='ltr'><strong>Si</strong></span> <span class='ocrx_word' id='word_1_162' title='bbox 495 2537 635 2605; x_wconf 88' lang='lat' dir='ltr'><strong>proprium</strong></span> <span class='ocrx_word' id='word_1_163' title='bbox 652 2538 704 2592; x_wconf 92' lang='lat' dir='ltr'><strong>hoc</strong></span> <span class='ocrx_word' id='word_1_164' title='bbox 719 2538 809 2605; x_wconf 85' lang='lat' dir='ltr'><strong>fuerit,</strong></span> <span class='ocrx_word' id='word_1_165' title='bbox 827 2537 880 2591; x_wconf 88' lang='lat' dir='ltr'><strong>levi</strong></span> <span class='ocrx_word' id='word_1_166' title='bbox 899 2537 934 2591; x_wconf 91' lang='lat' dir='ltr'><strong>de</strong></span> <span class='ocrx_word' id='word_1_167' title='bbox 951 2554 1086 2593; x_wconf 84' lang='lat' dir='ltr'><strong>marmore</strong></span> <span class='ocrx_word' id='word_1_168' title='bbox 1104 2542 1163 2595; x_wconf 80' lang='lat' dir='ltr'><strong>tota</strong></span> 
     </span>
     <span class='ocr_line' id='line_1_27' title="bbox 450 2612 1046 2670; baseline 0.007 -5"><span class='ocrx_word' id='word_1_169' title='bbox 450 2612 569 2666; x_wconf 87' lang='lat' dir='ltr'><strong>Puniceo</strong></span> <span class='ocrx_word' id='word_1_170' title='bbox 586 2612 672 2666; x_wconf 87' lang='lat' dir='ltr'><strong>stabis</strong></span> <span class='ocrx_word' id='word_1_171' title='bbox 690 2630 766 2667; x_wconf 87' lang='lat' dir='ltr'><strong>suras</strong></span> <span class='ocrx_word' id='word_1_172' title='bbox 784 2613 889 2667; x_wconf 84' lang='lat' dir='ltr'><strong>evineta</strong></span> <span class='ocrx_word' id='word_1_173' title='bbox 908 2613 1046 2670; x_wconf 88' lang='lat' dir='ltr'><strong>cothumo.</strong></span> 
     </span>
     <span class='ocr_line' id='line_1_28' title="bbox 453 2687 1258 2763; baseline 0.001 -19"><span class='ocrx_word' id='word_1_174' title='bbox 453 2687 484 2744; x_wconf 82' lang='grc' dir='ltr'><strong>Τ.</strong></span> <span class='ocrx_word' id='word_1_175' title='bbox 502 2688 597 2743; x_wconf 80' lang='lat' dir='ltr'><strong>Sinum</strong></span> <span class='ocrx_word' id='word_1_176' title='bbox 614 2689 694 2744; x_wconf 81' lang='lat' dir='ltr'><strong>laetis</strong></span> <span class='ocrx_word' id='word_1_177' title='bbox 710 2693 740 2763; x_wconf 86' lang='lat' dir='ltr'><strong>et</strong></span> <span class='ocrx_word' id='word_1_178' title='bbox 755 2690 824 2744; x_wconf 82' lang='lat' dir='ltr'><strong>haec</strong></span> <span class='ocrx_word' id='word_1_179' title='bbox 840 2694 870 2744; x_wconf 93' lang='lat' dir='ltr'><strong>te</strong></span> <span class='ocrx_word' id='word_1_180' title='bbox 887 2689 950 2756; x_wconf 89' lang='lat' dir='ltr'><strong>liba,</strong></span> <span class='ocrx_word' id='word_1_181' title='bbox 970 2689 1077 2759; x_wconf 86' lang='lat' dir='ltr'><strong>Priape,</strong></span> <span class='ocrx_word' id='word_1_182' title='bbox 1095 2695 1163 2759; x_wconf 89' lang='lat' dir='ltr'><strong>quot</strong></span> <span class='ocrx_word' id='word_1_183' title='bbox 1180 2692 1258 2745; x_wconf 89' lang='lat' dir='ltr'><strong>annis</strong></span> 
     </span>
     <span class='ocr_line' id='line_1_29' title="bbox 449 2765 1155 2847; baseline 0.001 -27"><span class='ocrx_word' id='word_1_184' title='bbox 449 2765 618 2835; x_wconf 77' lang='lat' dir='ltr'><strong>Exspectare</strong></span> <span class='ocrx_word' id='word_1_185' title='bbox 636 2769 680 2819; x_wconf 85' lang='lat' dir='ltr'><strong>sat</strong></span> <span class='ocrx_word' id='word_1_186' title='bbox 696 2770 755 2821; x_wconf 87' lang='lat' dir='ltr'><strong>est:</strong></span> <span class='ocrx_word' id='word_1_187' title='bbox 773 2771 864 2821; x_wconf 89' lang='lat' dir='ltr'><strong>eustos</strong></span> <span class='ocrx_word' id='word_1_188' title='bbox 882 2783 911 2820; x_wconf 89' lang='lat' dir='ltr'><strong>es</strong></span> <span class='ocrx_word' id='word_1_189' title='bbox 928 2767 1056 2847; x_wconf 83' lang='lat' dir='ltr'><strong>pauperis</strong></span> <span class='ocrx_word' id='word_1_190' title='bbox 1074 2766 1155 2822; x_wconf 88' lang='lat' dir='ltr'><strong>horti.</strong></span> 
     </span>
     <span class='ocr_line' id='line_1_30' title="bbox 448 2841 1301 2912; baseline 0 -15"><span class='ocrx_word' id='word_1_191' title='bbox 448 2842 530 2897; x_wconf 84' lang='lat' dir='ltr'><strong>Mune</strong></span> <span class='ocrx_word' id='word_1_192' title='bbox 546 2845 576 2897; x_wconf 87' lang='lat' dir='ltr'><strong>te</strong></span> <span class='ocrx_word' id='word_1_193' title='bbox 593 2859 775 2897; x_wconf 87' lang='lat' dir='ltr'><strong>marmoreum</strong></span> <span class='ocrx_word' id='word_1_194' title='bbox 792 2860 842 2912; x_wconf 89' lang='lat' dir='ltr'><strong>pro</strong></span> <span class='ocrx_word' id='word_1_195' title='bbox 859 2847 983 2910; x_wconf 85' lang='lat' dir='ltr'><strong>tempore</strong></span> <span class='ocrx_word' id='word_1_196' title='bbox 1001 2841 1131 2907; x_wconf 87' lang='lat' dir='ltr'><strong>fecimus;</strong></span> <span class='ocrx_word' id='word_1_197' title='bbox 1149 2847 1178 2897; x_wconf 86' lang='lat' dir='ltr'><strong>at</strong></span> <span class='ocrx_word' id='word_1_198' title='bbox 1195 2847 1235 2910; x_wconf 85' lang='lat' dir='ltr'><strong>tu,</strong></span> <span class='ocrx_word' id='word_1_199' title='bbox 1276 2859 1301 2896; x_wconf 85' lang='lat'><strong>35</strong></span> 
     </span>
     <span class='ocr_line' id='line_1_31' title="bbox 448 2917 1110 2988; baseline -0.002 -15"><span class='ocrx_word' id='word_1_200' title='bbox 448 2917 478 2973; x_wconf 82' lang='lat' dir='ltr'><strong>si</strong></span> <span class='ocrx_word' id='word_1_201' title='bbox 495 2919 586 2973; x_wconf 81' lang='lat' dir='ltr'><strong>fetura</strong></span> <span class='ocrx_word' id='word_1_202' title='bbox 603 2936 716 2988; x_wconf 85' lang='lat' dir='ltr'><strong>gregem</strong></span> <span class='ocrx_word' id='word_1_203' title='bbox 734 2920 908 2987; x_wconf 86' lang='lat' dir='ltr'><strong>suppleverit,</strong></span> <span class='ocrx_word' id='word_1_204' title='bbox 927 2933 1025 2972; x_wconf 91' lang='lat' dir='ltr'><strong>aureus</strong></span> <span class='ocrx_word' id='word_1_205' title='bbox 1043 2923 1110 2972; x_wconf 89' lang='lat' dir='ltr'><strong>esto.</strong></span> 
     </span>
     <span class='ocr_line' id='line_1_32' title="bbox 485 2994 1224 3065; baseline -0.001 -14"><span class='ocrx_word' id='word_1_206' title='bbox 485 2994 514 3051; x_wconf 81' lang='lat'><strong>0.</strong></span> <span class='ocrx_word' id='word_1_207' title='bbox 532 2996 635 3051; x_wconf 88' lang='lat' dir='ltr'><strong>Nerine</strong></span> <span class='ocrx_word' id='word_1_208' title='bbox 653 2996 773 3059; x_wconf 77' lang='lat' dir='ltr'><strong>Galatea,</strong></span> <span class='ocrx_word' id='word_1_209' title='bbox 790 2996 884 3063; x_wconf 87' lang='lat' dir='ltr'><strong>thymo</strong></span> <span class='ocrx_word' id='word_1_210' title='bbox 902 2994 967 3047; x_wconf 88' lang='lat' dir='ltr'><strong>mihi</strong></span> <span class='ocrx_word' id='word_1_211' title='bbox 984 2994 1089 3049; x_wconf 89' lang='lat' dir='ltr'><strong>dulcior</strong></span> <span class='ocrx_word' id='word_1_212' title='bbox 1107 2996 1224 3065; x_wconf 88' lang='lat' dir='ltr'><strong>Hyblae,</strong></span> 
     </span>
     <span class='ocr_line' id='line_1_33' title="bbox 449 3072 1081 3142; baseline 0.002 -16"><span class='ocrx_word' id='word_1_213' title='bbox 449 3072 599 3127; x_wconf 79' lang='lat' dir='ltr'><strong>Candidior</strong></span> <span class='ocrx_word' id='word_1_214' title='bbox 616 3074 713 3142; x_wconf 88' lang='lat' dir='ltr'><strong>cycnis,</strong></span> <span class='ocrx_word' id='word_1_215' title='bbox 731 3073 834 3127; x_wconf 89' lang='lat' dir='ltr'><strong>hedera</strong></span> <span class='ocrx_word' id='word_1_216' title='bbox 852 3072 994 3126; x_wconf 78' lang='lat' dir='ltr'><strong>formosior</strong></span> <span class='ocrx_word' id='word_1_217' title='bbox 1012 3072 1081 3140; x_wconf 84' lang='lat' dir='ltr'><strong>albe,</strong></span> 
     </span>
     <span class='ocr_line' id='line_1_34' title="bbox 449 3149 1146 3219; baseline -0.001 -16"><span class='ocrx_word' id='word_1_218' title='bbox 449 3149 520 3203; x_wconf 81' lang='lat' dir='ltr'><strong>(lum</strong></span> <span class='ocrx_word' id='word_1_219' title='bbox 537 3149 655 3218; x_wconf 90' lang='lat' dir='ltr'><strong>primum</strong></span> <span class='ocrx_word' id='word_1_220' title='bbox 672 3150 745 3219; x_wconf 88' lang='lat' dir='ltr'><strong>pasti</strong></span> <span class='ocrx_word' id='word_1_221' title='bbox 762 3153 889 3218; x_wconf 87' lang='lat' dir='ltr'><strong>repetent</strong></span> <span class='ocrx_word' id='word_1_222' title='bbox 907 3149 1049 3218; x_wconf 86' lang='lat' dir='ltr'><strong>praesepia</strong></span> <span class='ocrx_word' id='word_1_223' title='bbox 1065 3149 1146 3216; x_wconf 86' lang='lat' dir='ltr'><strong>tauri,</strong></span> 
     </span>
     <span class='ocr_line' id='line_1_35' title="bbox 448 3224 1301 3294; baseline 0.001 -16"><span class='ocrx_word' id='word_1_224' title='bbox 448 3224 478 3279; x_wconf 81' lang='lat' dir='ltr'><strong>Si</strong></span> <span class='ocrx_word' id='word_1_225' title='bbox 496 3240 552 3293; x_wconf 92' lang='lat' dir='ltr'><strong>qua</strong></span> <span class='ocrx_word' id='word_1_226' title='bbox 569 3226 611 3278; x_wconf 88' lang='lat' dir='ltr'><strong>tui</strong></span> <span class='ocrx_word' id='word_1_227' title='bbox 630 3225 778 3294; x_wconf 80' lang='lat' dir='ltr'><strong>Corydonis</strong></span> <span class='ocrx_word' id='word_1_228' title='bbox 796 3226 881 3279; x_wconf 87' lang='lat' dir='ltr'><strong>habet</strong></span> <span class='ocrx_word' id='word_1_229' title='bbox 899 3229 929 3279; x_wconf 88' lang='lat' dir='ltr'><strong>te</strong></span> <span class='ocrx_word' id='word_1_230' title='bbox 945 3242 1017 3291; x_wconf 86' lang='lat' dir='ltr'><strong>cura,</strong></span> <span class='ocrx_word' id='word_1_231' title='bbox 1037 3225 1136 3280; x_wconf 83' lang='lat' dir='ltr'><strong>venito.</strong></span> <span class='ocrx_word' id='word_1_232' title='bbox 1276 3240 1301 3279; x_wconf 78' lang='lat' dir='ltr'><strong>so</strong></span> 
     </span>
     <span class='ocr_line' id='line_1_36' title="bbox 453 3298 1256 3370; baseline 0.002 -17"><span class='ocrx_word' id='word_1_233' title='bbox 453 3298 483 3353; x_wconf 83' lang='grc' dir='ltr'><strong>Τ.</strong></span> <span class='ocrx_word' id='word_1_234' title='bbox 502 3300 592 3353; x_wconf 89' lang='lat' dir='ltr'><strong>Immo</strong></span> <span class='ocrx_word' id='word_1_235' title='bbox 610 3318 662 3370; x_wconf 85' lang='lat' dir='ltr'><strong>ego</strong></span> <span class='ocrx_word' id='word_1_236' title='bbox 680 3302 821 3356; x_wconf 79' lang='lat' dir='ltr'><strong>Sardoniis</strong></span> <span class='ocrx_word' id='word_1_237' title='bbox 838 3303 934 3356; x_wconf 86' lang='lat' dir='ltr'><strong>videar</strong></span> <span class='ocrx_word' id='word_1_238' title='bbox 952 3301 1001 3356; x_wconf 93' lang='lat' dir='ltr'><strong>tibi</strong></span> <span class='ocrx_word' id='word_1_239' title='bbox 1019 3302 1137 3355; x_wconf 88' lang='lat' dir='ltr'><strong>amarior</strong></span> <span class='ocrx_word' id='word_1_240' title='bbox 1154 3301 1256 3369; x_wconf 88' lang='lat' dir='ltr'><strong>herbis,</strong></span> 
     </span>
     <span class='ocr_line' id='line_1_37' title="bbox 450 3377 1021 3448; baseline 0.002 -18"><span class='ocrx_word' id='word_1_241' title='bbox 450 3377 598 3431; x_wconf 87' lang='lat' dir='ltr'><strong>llorridior</strong></span> <span class='ocrx_word' id='word_1_242' title='bbox 615 3395 702 3448; x_wconf 90' lang='lat' dir='ltr'><strong>rusco,</strong></span> <span class='ocrx_word' id='word_1_243' title='bbox 719 3380 841 3447; x_wconf 87' lang='lat' dir='ltr'><strong>proiecta</strong></span> <span class='ocrx_word' id='word_1_244' title='bbox 858 3379 937 3432; x_wconf 84' lang='lat' dir='ltr'><strong>vilior</strong></span> <span class='ocrx_word' id='word_1_245' title='bbox 953 3378 1021 3446; x_wconf 85' lang='lat' dir='ltr'><strong>alga,</strong></span> 
     </span>
     <span class='ocr_line' id='line_1_38' title="bbox 448 3453 1231 3526; baseline -0.003 -20"><span class='ocrx_word' id='word_1_246' title='bbox 448 3453 478 3507; x_wconf 82' lang='lat' dir='ltr'><strong>Si</strong></span> <span class='ocrx_word' id='word_1_247' title='bbox 496 3453 563 3507; x_wconf 89' lang='lat' dir='ltr'><strong>mihi</strong></span> <span class='ocrx_word' id='word_1_248' title='bbox 581 3471 634 3508; x_wconf 88' lang='lat' dir='ltr'><strong>non</strong></span> <span class='ocrx_word' id='word_1_249' title='bbox 650 3454 719 3510; x_wconf 86' lang='lat' dir='ltr'><strong>haec</strong></span> <span class='ocrx_word' id='word_1_250' title='bbox 734 3455 782 3510; x_wconf 81' lang='lat' dir='ltr'><strong>lux</strong></span> <span class='ocrx_word' id='word_1_251' title='bbox 800 3459 862 3513; x_wconf 89' lang='lat' dir='ltr'><strong>toto</strong></span> <span class='ocrx_word' id='word_1_252' title='bbox 878 3456 937 3512; x_wconf 89' lang='lat' dir='ltr'><strong>iam</strong></span> <span class='ocrx_word' id='word_1_253' title='bbox 950 3455 1062 3526; x_wconf 73' lang='lat' dir='ltr'><strong>longior</strong></span> <span class='ocrx_word' id='word_1_254' title='bbox 1079 3470 1156 3509; x_wconf 81' lang='lat' dir='ltr'><strong>anno</strong></span> <span class='ocrx_word' id='word_1_255' title='bbox 1172 3456 1231 3505; x_wconf 61' lang='lat' dir='ltr'><strong>est</strong></span> 
     </span>
     <span class='ocr_line' id='line_1_39' title="bbox 441 3528 1178 3610; baseline 0.004 -30"><span class='ocrx_word' id='word_1_256' title='bbox 441 3528 616 3585; x_wconf 67' lang='lat' dir='ltr'><strong>Isodomum</strong></span> <span class='ocrx_word' id='word_1_257' title='bbox 632 3534 716 3603; x_wconf 82' lang='lat' dir='ltr'><strong>pasti,</strong></span> <span class='ocrx_word' id='word_1_258' title='bbox 736 3534 761 3591; x_wconf 94' lang='lat' dir='ltr'><strong>si</strong></span> <span class='ocrx_word' id='word_1_259' title='bbox 782 3536 848 3609; x_wconf 90' lang='lat' dir='ltr'><strong>quis</strong></span> <span class='ocrx_word' id='word_1_260' title='bbox 865 3536 972 3610; x_wconf 86' lang='lat' dir='ltr'><strong>pudor,</strong></span> <span class='ocrx_word' id='word_1_261' title='bbox 987 3535 1032 3593; x_wconf 82' lang='lat' dir='ltr'><strong>ite</strong></span> <span class='ocrx_word' id='word_1_262' title='bbox 1048 3530 1178 3589; x_wconf 70' lang='lat' dir='ltr'><strong>lurensi=</strong></span> 
     </span>
     <span class='ocr_line' id='line_1_40' title="bbox 467 3601 1207 3676; baseline 0.015 -16"><span class='ocrx_word' id='word_1_263' title='bbox 467 3601 497 3655; x_wconf 74' lang='grc' dir='ltr'>ύῖ</span> <span class='ocrx_word' id='word_1_264' title='bbox 512 3604 639 3664; x_wconf 87' lang='lat' dir='ltr'><strong>Muscosi</strong></span> <span class='ocrx_word' id='word_1_265' title='bbox 655 3612 755 3672; x_wconf 84' lang='lat' dir='ltr'><strong>fontes</strong></span> <span class='ocrx_word' id='word_1_266' title='bbox 775 3621 806 3676; x_wconf 85' lang='lat' dir='ltr'><strong>et</strong></span> <span class='ocrx_word' id='word_1_267' title='bbox 826 3635 935 3676; x_wconf 85' lang='lat' dir='ltr'><strong>somno</strong></span> <span class='ocrx_word' id='word_1_268' title='bbox 952 3616 1077 3672; x_wconf 78' lang='lat' dir='ltr'><strong>mollior</strong></span> <span class='ocrx_word' id='word_1_269' title='bbox 1091 3606 1207 3671; x_wconf 61' lang='lat' dir='ltr'><strong>herbe,</strong></span> 
     </span>
     <span class='ocr_line' id='line_1_41' title="bbox 415 3673 1262 3773; baseline 0.001 -28"><span class='ocrx_word' id='word_1_270' title='bbox 415 3673 459 3740; x_wconf 62' lang='lat' dir='ltr'><strong>ll</strong></span> <span class='ocrx_word' id='word_1_271' title='bbox 475 3692 551 3745; x_wconf 64' lang='lat' dir='ltr'><strong>‘11¹³ss</strong></span> <span class='ocrx_word' id='word_1_272' title='bbox 570 3701 623 3743; x_wconf 72' lang='lat' dir='ltr'><strong>vos</strong></span> <span class='ocrx_word' id='word_1_273' title='bbox 640 3707 712 3749; x_wconf 89' lang='lat' dir='ltr'><strong>rara</strong></span> <span class='ocrx_word' id='word_1_274' title='bbox 733 3684 847 3758; x_wconf 82' lang='lat' dir='ltr'><strong>viridis</strong></span> <span class='ocrx_word' id='word_1_275' title='bbox 866 3699 953 3773; x_wconf 85' lang='lat' dir='ltr'><strong>tegit</strong></span> <span class='ocrx_word' id='word_1_276' title='bbox 971 3695 1114 3754; x_wconf 81' lang='lat' dir='ltr'><strong>arbutus</strong></span> <span class='ocrx_word' id='word_1_277' title='bbox 1128 3680 1262 3741; x_wconf 46' lang='lat' dir='ltr'><strong>emh&amp;</strong></span> 
     </span>
    </p>
   </div>
   <div class='ocr_carea' id='block_1_3' title="bbox 1346 3597 1361 3633">
    <p class='ocr_par' dir='ltr' id='par_1_3' title="bbox 1346 3597 1361 3633">
     <span class='ocr_line' id='line_1_42' title="bbox 1346 3597 1361 3633; baseline 0 0"><span class='ocrx_word' id='word_1_278' title='bbox 1346 3597 1361 3633; x_wconf 69' lang='lat' dir='ltr'><strong>M</strong></span> 
     </span>
    </p>
   </div>
   <div class='ocr_carea' id='block_1_4' title="bbox 0 0 1738 4367">
    <p class='ocr_par' dir='ltr' id='par_1_4' title="bbox 0 0 1738 4367">
     <span class='ocr_line' id='line_1_43' title="bbox 0 0 1738 4367; baseline 0 1"><span class='ocrx_word' id='word_1_279' title='bbox 0 0 1738 4367; x_wconf 95' lang='lat' dir='ltr'><strong> </strong></span> 
     </span>
    </p>
   </div>
  </div>
 </body>
</html>
