3467 4367
466 624 513 674 168
695 621 725 670 Ρ.
745 620 900 669 VERGILI
922 619 1089 670 MARONIS

465 701 597 757 Omnibus
614 701 657 756 hic
674 702 728 757 erit
745 718 816 756 unus
832 700 926 754 honos.
962 700 1030 755 Tres
1047 699 1170 769 praemia
1186 700 1270 769 primi

465 778 617 847 Accipient,
635 778 758 848 flayaque
775 780 859 846 caput
876 780 1023 832 nectentur
1040 777 1117 831 oliva

465 854 574 908 Primus
591 871 692 924 equum
709 854 830 923 phaleris
847 854 981 921 insignem
1000 853 1087 908 victor
1104 852 1215 921 habeto,
1284 869 1321 910 alo

465 931 547 984 Alter
565 930 741 984 Amazoniam
758 930 916 999 pharetram
934 930 1098 998 plenamque
1115 930 1223 999 sagittis

465 1006 602 1075 Threiciis,
620 1006 677 1061 lato
696 1023 778 1076 quam
795 1005 1028 1074 circumplectitur
1045 1023 1112 1060 auro

465 1083 586 1151 Balteus,
605 1086 634 1137 et
652 1083 736 1137 tereti
753 1082 893 1136 subnectit
910 1081 994 1135 fibula
1011 1099 1136 1149 gemma;
1251 1122 1253 1125 <

465 1159 575 1212 Tertius
594 1158 724 1227 Argolica
740 1158 791 1212 hac
808 1158 888 1227 galea
905 1160 1050 1212 contentus
1068 1158 1153 1213 abito.

466 1235 543 1289 Haec
561 1234 608 1288 ubi
627 1235 707 1301 diota,
724 1234 813 1288 locum
830 1233 950 1302 capiunt,
969 1233 1103 1303 signoque
1120 1237 1236 1303 repente
1265 1235 1323 1291 'aro

465 1310 623 1379 Corripiunt
639 1312 728 1379 spatia
745 1310 849 1378 audito,
866 1310 1006 1378 limenque
1023 1310 1190 1379 relinquunt,

465 1386 551 1440 thusi
568 1386 662 1441 nimbo
680 1386 789 1454 similes,
808 1386 890 1440 simul
907 1386 1004 1440 ultima
1021 1385 1136 1453 signant

465 1461 573 1517 Primus
591 1463 650 1517 abit
665 1463 801 1531 longeque
818 1465 883 1516 ante
901 1462 990 1515 omnia
1006 1478 1121 1529 corpora
1139 1463 1224 1518 Nisus

465 1538 578 1607 Emicat,
596 1542 626 1593 et
642 1540 732 1593 ventis
750 1542 780 1592 et
796 1538 916 1591 fulminis
933 1537 1006 1591 ocior
1024 1537 1088 1603 alis;
1150 1572 1157 1587 .
1254 1537 1265 1554 ’

467 1614 619 1668 Proxumus
636 1614 706 1681 huic,
723 1614 805 1681 longo
822 1614 873 1667 sed
890 1629 1039 1680 proxumus
1056 1613 1209 1685 intervallo,
1286 1630 1324 1671 aaa

466 1692 626 1759 Insequitur
644 1691 749 1756 Salium
770 1690 858 1759 spatio
876 1693 940 1758 pest
958 1689 1060 1744 deinde
1077 1689 1174 1745 relicto

466 1766 574 1820 Tertius
593 1768 741 1835 Euryalus;

466 1843 666 1911 Euryalumque
679 1843 813 1911 Helymus
825 1841 967 1910 sequitur,
986 1858 1041 1909 quo
1054 1842 1156 1897 deinde
1168 1842 1220 1898 sub
1232 1844 1292 1911 ipso

465 1918 535 1972 Ecce
551 1919 625 1973 volat
642 1919 799 1987 calcemque
816 1918 884 1972 terit
901 1919 955 1971 iam
973 1918 1047 1971 calce
1066 1919 1171 1987 Diores,

466 1994 630 2049 incumbens
647 1995 776 2061 humero;
797 1994 887 2063 spatia
904 1997 933 2049 et
951 1994 973 2047 si
991 1994 1071 2062 plura
1088 1997 1237 2063 supersint,
1285 2010 1322 2051 aas

465 2071 598 2126 Transeat
616 2071 726 2140 clapsus
743 2070 826 2139 prior,
844 2070 1037 2138 ambiguumre
1055 2071 1201 2139 relinquat

466 2148 581 2217 Iamque
598 2147 656 2201 fere
674 2146 762 2216 spatio
781 2150 905 2200 extremo
923 2146 1043 2215 fessique
1062 2146 1113 2200 sub
1131 2147 1221 2215 ipsam

465 2222 562 2278 Finem
579 2223 772 2290 adventabant,
790 2223 844 2277 levi
861 2240 923 2276 cum
942 2223 1072 2292 sauguine
1091 2222 1175 2277 Nisus

465 2299 581 2353 Labitur
597 2299 700 2365 infelix,
718 2299 804 2352 caesis
822 2303 854 2353 ut
870 2299 942 2352 forte
961 2298 1080 2353 iuvencis

466 2374 556 2429 Fusus
567 2376 679 2429 humum
690 2375 839 2443 viridisque
851 2391 934 2443 super
945 2375 1128 2429 madefecerat
1140 2374 1247 2431 herbas.
1286 2391 1325 2432 suo

466 2452 521 2507 Hic
538 2452 642 2504 iuvenis
659 2451 714 2503 iam
732 2450 819 2504 victor
837 2467 922 2504 ovans
940 2450 1056 2517 vestigia
1072 2467 1167 2520 presso

466 2526 550 2580 Haud
568 2527 657 2580 tenuit
674 2525 795 2580 titubata
813 2527 878 2594 solo,
897 2526 947 2581 sed
965 2542 1067 2595 pronus
1084 2526 1112 2579 iu
1129 2528 1189 2595 ipsc

466 2602 592 2657 Concidit
607 2601 793 2669 inmundoque
810 2602 875 2654 fimo
893 2619 1023 2670 sacroque
1041 2618 1145 2657 cruore.

465 2678 528 2732 Non
547 2681 639 2732 tamen
657 2678 774 2745 Euryali,
792 2694 846 2731 non
863 2677 910 2731 ille
928 2678 1030 2732 oblitus
1047 2695 1187 2745 amorum;

465 2754 492 2808 N
493 2771 537 2808 am
556 2770 616 2808 sese
633 2754 761 2823 opposuit
779 2754 852 2808 Salio
869 2770 920 2823 per
937 2753 1042 2807 lubrica
1059 2771 1190 2823 surgens;
1287 2771 1325 2812 aas

466 2829 518 2885 Ille
535 2834 627 2885 autem
646 2830 732 2900 spissa
750 2830 834 2884 iacuit
851 2831 993 2885 revolutus
1011 2847 1101 2885 arena

465 2906 571 2961 Emicat
589 2907 728 2977 Euryalus,
745 2910 775 2961 et
793 2923 907 2961 munere
926 2907 1013 2960 victor
1031 2905 1111 2960 amici

466 2983 558 3038 Prima
575 2987 660 3051 tenet,
678 2983 830 3053 plausuque
848 2984 923 3037 volat
940 2982 1108 3051 fremituque
1125 2984 1253 3039 seeundo.

467 3061 533 3114 Post
552 3060 685 3129 Helymus
703 3059 785 3127 subit,
804 3064 833 3114 et
851 3077 922 3114 nunc
941 3058 1025 3114 tertia
1042 3058 1133 3128 palma
1151 3060 1256 3116 Diores

467 3137 521 3192 llic
538 3141 628 3191 totum
646 3154 744 3192 caveae
762 3154 919 3191 consessum
936 3135 1056 3204 ingentis
1074 3139 1103 3191 et
1121 3152 1169 3190 ora
1288 3152 1326 3192 sac

466 3213 559 3267 Prima
576 3217 686 3281 patrum
704 3214 811 3281 magnis
830 3212 920 3266 Salius
939 3212 1102 3266 clamoribus
1120 3212 1215 3281 inplet,

466 3291 653 3359 Ereptumque
671 3289 735 3342 dolo
753 3288 833 3342 reddi
852 3288 906 3342 sibi
923 3289 1012 3357 poscit
1029 3288 1168 3343 honorem.

465 3366 583 3420 Tutatur
600 3367 677 3420 favor
696 3365 851 3433 Euryalum,
870 3365 1054 3434 lacrimaeque
1073 3365 1196 3433 decorae,

465 3442 576 3496 (iratior
594 3445 623 3496 et
639 3441 754 3510 pulchro
772 3442 883 3495 veniens
901 3442 1060 3511 incorpore
1080 3442 1173 3495 virtus

448 3517 581 3572 Adiuvat
600 3521 630 3573 et
647 3535 752 3589 magna
769 3518 925 3590 proclamat
940 3534 1009 3573 uoce
1023 3518 1135 3583 Diores,
1291 3530 1327 3571 aas

436 3590 496 3651 Qui
512 3592 606 3651 subiit
620 3597 749 3668 palmae,
771 3598 943 3669 fmstraque
959 3591 1143 3664 supraema
1155 3589 1237 3643 wsb

422 3662 547 3739 mim&
568 3674 598 3731 δι’
612 3677 707 3747 primi
729 3679 813 3738 Salio
833 3676 1006 3736 reddantur
1021 3671 1158 3726 honores.
