<?xml version="1.0" encoding="UTF-8"?>
<!DOCTYPE html PUBLIC "-//W3C//DTD XHTML 1.0 Transitional//EN"
    "http://www.w3.org/TR/xhtml1/DTD/xhtml1-transitional.dtd">
<html xmlns="http://www.w3.org/1999/xhtml" xml:lang="en" lang="en">
 <head>
  <title>
</title>
<meta http-equiv="Content-Type" content="text/html;charset=utf-8" />
  <meta name='ocr-system' content='tesseract 3.04.00' />
  <meta name='ocr-capabilities' content='ocr_page ocr_carea ocr_par ocr_line ocrx_word'/>
</head>
<body>
  <div class='ocr_page' id='page_1' title='image "./publivergilimar02virggoog/publivergilimar02virggoog_0189.png"; bbox 0 0 3467 4367; ppageno 0'>
   <div class='ocr_carea' id='block_1_1' title="bbox 696 634 1281 688">
    <p class='ocr_par' dir='ltr' id='par_1_1' title="bbox 696 634 1281 688">
     <span class='ocr_line' id='line_1_1' title="bbox 696 634 1281 688; baseline 0.002 -1"><span class='ocrx_word' id='word_1_1' title='bbox 696 636 882 687; x_wconf 82' lang='lat' dir='ltr'><strong>AENEIDOS</strong></span> <span class='ocrx_word' id='word_1_2' title='bbox 898 634 965 687; x_wconf 83' lang='lat' dir='ltr'><strong>LIB.</strong></span> <span class='ocrx_word' id='word_1_3' title='bbox 984 636 1018 685; x_wconf 93' lang='lat' dir='ltr'><strong>V.</strong></span> <span class='ocrx_word' id='word_1_4' title='bbox 1235 637 1281 688; x_wconf 78' lang='lat'><strong>179</strong></span> 
     </span>
    </p>
   </div>
   <div class='ocr_carea' id='block_1_2' title="bbox 366 716 1367 3699">
    <p class='ocr_par' dir='ltr' id='par_1_2' title="bbox 429 716 1165 789">
     <span class='ocr_line' id='line_1_2' title="bbox 429 716 1165 789; baseline -0.004 -15"><span class='ocrx_word' id='word_1_5' title='bbox 429 721 542 786; x_wconf 82' lang='lat' dir='ltr'><strong>lidocet‚</strong></span> <span class='ocrx_word' id='word_1_6' title='bbox 561 724 591 775; x_wconf 93' lang='lat' dir='ltr'><strong>et</strong></span> <span class='ocrx_word' id='word_1_7' title='bbox 608 736 680 789; x_wconf 88' lang='lat' dir='ltr'><strong>quae</strong></span> <span class='ocrx_word' id='word_1_8' title='bbox 697 734 769 772; x_wconf 88' lang='lat' dir='ltr'><strong>nunc</strong></span> <span class='ocrx_word' id='word_1_9' title='bbox 787 716 878 771; x_wconf 86' lang='lat' dir='ltr'><strong>animo</strong></span> <span class='ocrx_word' id='word_1_10' title='bbox 896 716 1033 772; x_wconf 88' lang='lat' dir='ltr'><strong>sententia</strong></span> <span class='ocrx_word' id='word_1_11' title='bbox 1049 717 1165 771; x_wconf 80' lang='lat' dir='ltr'><strong>constet</strong></span> 
     </span>
    </p>

    <p class='ocr_par' dir='ltr' id='par_1_3' title="bbox 411 794 1284 1021">
     <span class='ocr_line' id='line_1_3' title="bbox 429 794 1178 864; baseline -0.005 -12"><span class='ocrx_word' id='word_1_12' title='bbox 429 797 515 852; x_wconf 89' lang='lat' dir='ltr'><strong>Haud</strong></span> <span class='ocrx_word' id='word_1_13' title='bbox 530 814 606 850; x_wconf 88' lang='lat' dir='ltr'><strong>mora</strong></span> <span class='ocrx_word' id='word_1_14' title='bbox 624 796 749 864; x_wconf 85' lang='lat' dir='ltr'><strong>consiliis,</strong></span> <span class='ocrx_word' id='word_1_15' title='bbox 768 811 818 848; x_wconf 90' lang='lat' dir='ltr'><strong>nec</strong></span> <span class='ocrx_word' id='word_1_16' title='bbox 835 794 909 848; x_wconf 86' lang='lat' dir='ltr'><strong>iussa</strong></span> <span class='ocrx_word' id='word_1_17' title='bbox 926 796 1035 848; x_wconf 78' lang='lat' dir='ltr'><strong>recusat</strong></span> <span class='ocrx_word' id='word_1_18' title='bbox 1055 795 1178 848; x_wconf 81' lang='lat' dir='ltr'><strong>Acestes.</strong></span> 
     </span>
     <span class='ocr_line' id='line_1_4' title="bbox 411 871 1284 941; baseline -0.003 -13"><span class='ocrx_word' id='word_1_19' title='bbox 411 873 626 927; x_wconf 78' lang='lat' dir='ltr'><strong>&#39;Transcribunt</strong></span> <span class='ocrx_word' id='word_1_20' title='bbox 643 873 705 926; x_wconf 90' lang='lat' dir='ltr'><strong>urbi</strong></span> <span class='ocrx_word' id='word_1_21' title='bbox 723 875 833 940; x_wconf 89' lang='lat' dir='ltr'><strong>matres,</strong></span> <span class='ocrx_word' id='word_1_22' title='bbox 851 872 1036 941; x_wconf 82' lang='lat' dir='ltr'>populumque</span> <span class='ocrx_word' id='word_1_23' title='bbox 1053 871 1190 925; x_wconf 87' lang='lat' dir='ltr'><strong>volentem</strong></span> <span class='ocrx_word' id='word_1_24' title='bbox 1248 884 1284 925; x_wconf 73' lang='lat' dir='ltr'><strong>rto</strong></span> 
     </span>
     <span class='ocr_line' id='line_1_5' title="bbox 429 947 1136 1021; baseline -0.006 -16"><span class='ocrx_word' id='word_1_25' title='bbox 429 952 584 1021; x_wconf 81' lang='lat' dir='ltr'>Deponunt,</span> <span class='ocrx_word' id='word_1_26' title='bbox 603 950 708 1003; x_wconf 87' lang='lat' dir='ltr'><strong>animos</strong></span> <span class='ocrx_word' id='word_1_27' title='bbox 725 949 764 1002; x_wconf 89' lang='lat' dir='ltr'><strong>nil</strong></span> <span class='ocrx_word' id='word_1_28' title='bbox 782 965 898 1016; x_wconf 83' lang='lat' dir='ltr'><strong>magnae</strong></span> <span class='ocrx_word' id='word_1_29' title='bbox 915 947 1005 1001; x_wconf 89' lang='lat' dir='ltr'><strong>laudis</strong></span> <span class='ocrx_word' id='word_1_30' title='bbox 1022 948 1136 1015; x_wconf 85' lang='lat' dir='ltr'><strong>egentis.</strong></span> 
     </span>
    </p>

    <p class='ocr_par' dir='ltr' id='par_1_4' title="bbox 430 1024 1226 1171">
     <span class='ocr_line' id='line_1_6' title="bbox 430 1024 1226 1096; baseline -0.003 -15"><span class='ocrx_word' id='word_1_31' title='bbox 430 1028 487 1096; x_wconf 86' lang='lat' dir='ltr'><strong>Ipsi</strong></span> <span class='ocrx_word' id='word_1_32' title='bbox 504 1029 627 1080; x_wconf 90' lang='lat' dir='ltr'><strong>transtra</strong></span> <span class='ocrx_word' id='word_1_33' title='bbox 644 1028 753 1093; x_wconf 84' lang='lat' dir='ltr'><strong>norant,</strong></span> <span class='ocrx_word' id='word_1_34' title='bbox 771 1025 943 1094; x_wconf 86' lang='lat' dir='ltr'><strong>flammisque</strong></span> <span class='ocrx_word' id='word_1_35' title='bbox 961 1024 1073 1077; x_wconf 82' lang='lat' dir='ltr'><strong>ambesa</strong></span> <span class='ocrx_word' id='word_1_36' title='bbox 1090 1027 1226 1093; x_wconf 89' lang='lat' dir='ltr'><strong>reponunt</strong></span> 
     </span>
     <span class='ocr_line' id='line_1_7' title="bbox 430 1100 1165 1171; baseline -0.001 -14"><span class='ocrx_word' id='word_1_37' title='bbox 430 1103 541 1157; x_wconf 83' lang='lat' dir='ltr'><strong>Robora</strong></span> <span class='ocrx_word' id='word_1_38' title='bbox 558 1102 680 1170; x_wconf 74' lang='lat' dir='ltr'><strong>nauigiis,</strong></span> <span class='ocrx_word' id='word_1_39' title='bbox 698 1104 796 1171; x_wconf 87' lang='lat' dir='ltr'><strong>aptant</strong></span> <span class='ocrx_word' id='word_1_40' title='bbox 813 1117 958 1169; x_wconf 90' lang='lat' dir='ltr'><strong>remosque</strong></span> <span class='ocrx_word' id='word_1_41' title='bbox 975 1100 1165 1171; x_wconf 64' lang='lat' dir='ltr'><strong>mentisque,</strong></span> 
     </span>
    </p>

    <p class='ocr_par' dir='ltr' id='par_1_5' title="bbox 430 1176 1050 1247">
     <span class='ocr_line' id='line_1_8' title="bbox 430 1176 1050 1247; baseline -0.003 -12"><span class='ocrx_word' id='word_1_42' title='bbox 430 1178 530 1247; x_wconf 71' lang='lat' dir='ltr'><strong>irrigui</strong></span> <span class='ocrx_word' id='word_1_43' title='bbox 547 1194 670 1246; x_wconf 92' lang='lat' dir='ltr'><strong>numero,</strong></span> <span class='ocrx_word' id='word_1_44' title='bbox 689 1179 739 1232; x_wconf 88' lang='lat' dir='ltr'><strong>sed</strong></span> <span class='ocrx_word' id='word_1_45' title='bbox 756 1176 829 1231; x_wconf 93' lang='lat' dir='ltr'><strong>bello</strong></span> <span class='ocrx_word' id='word_1_46' title='bbox 846 1177 939 1231; x_wconf 84' lang='lat' dir='ltr'><strong>vivida</strong></span> <span class='ocrx_word' id='word_1_47' title='bbox 956 1178 1050 1233; x_wconf 85' lang='lat' dir='ltr'><strong>virtus.</strong></span> 
     </span>
    </p>

    <p class='ocr_par' dir='ltr' id='par_1_6' title="bbox 431 1253 1286 1553">
     <span class='ocr_line' id='line_1_9' title="bbox 431 1253 1286 1321; baseline -0.002 -10"><span class='ocrx_word' id='word_1_48' title='bbox 431 1257 543 1311; x_wconf 88' lang='lat' dir='ltr'><strong>Interea</strong></span> <span class='ocrx_word' id='word_1_49' title='bbox 561 1255 670 1309; x_wconf 77' lang='lat' dir='ltr'><strong>Aeneas</strong></span> <span class='ocrx_word' id='word_1_50' title='bbox 687 1254 785 1307; x_wconf 90' lang='lat' dir='ltr'><strong>urbem</strong></span> <span class='ocrx_word' id='word_1_51' title='bbox 803 1253 931 1321; x_wconf 87' lang='lat' dir='ltr'><strong>designat</strong></span> <span class='ocrx_word' id='word_1_52' title='bbox 948 1257 1041 1308; x_wconf 87' lang='lat' dir='ltr'><strong>aratro</strong></span> <span class='ocrx_word' id='word_1_53' title='bbox 1248 1267 1286 1311; x_wconf 75' lang='lat' dir='ltr'><strong>rsa</strong></span> 
     </span>
     <span class='ocr_line' id='line_1_10' title="bbox 431 1329 1240 1401; baseline -0.001 -14"><span class='ocrx_word' id='word_1_54' title='bbox 431 1333 607 1401; x_wconf 84' lang='lat' dir='ltr'><strong>Sortiturque</strong></span> <span class='ocrx_word' id='word_1_55' title='bbox 625 1330 735 1396; x_wconf 83' lang='lat' dir='ltr'><strong>domos3</strong></span> <span class='ocrx_word' id='word_1_56' title='bbox 754 1330 806 1384; x_wconf 92' lang='lat' dir='ltr'><strong>hoe</strong></span> <span class='ocrx_word' id='word_1_57' title='bbox 825 1329 908 1383; x_wconf 93' lang='lat' dir='ltr'><strong>llium</strong></span> <span class='ocrx_word' id='word_1_58' title='bbox 925 1333 955 1384; x_wconf 89' lang='lat' dir='ltr'><strong>et</strong></span> <span class='ocrx_word' id='word_1_59' title='bbox 973 1330 1040 1384; x_wconf 89' lang='lat' dir='ltr'><strong>haec</strong></span> <span class='ocrx_word' id='word_1_60' title='bbox 1057 1329 1117 1384; x_wconf 87' lang='lat' dir='ltr'><strong>loca</strong></span> <span class='ocrx_word' id='word_1_61' title='bbox 1134 1331 1240 1386; x_wconf 81' lang='lat' dir='ltr'><strong>Troiam</strong></span> 
     </span>
     <span class='ocr_line' id='line_1_11' title="bbox 431 1406 1148 1475; baseline -0.001 -13"><span class='ocrx_word' id='word_1_62' title='bbox 431 1409 500 1462; x_wconf 81' lang='lat' dir='ltr'><strong>Esse</strong></span> <span class='ocrx_word' id='word_1_63' title='bbox 517 1408 602 1462; x_wconf 90' lang='lat' dir='ltr'><strong>iubet.</strong></span> <span class='ocrx_word' id='word_1_64' title='bbox 639 1406 750 1462; x_wconf 81' lang='lat' dir='ltr'><strong>Gaudet</strong></span> <span class='ocrx_word' id='word_1_65' title='bbox 767 1422 852 1475; x_wconf 82' lang='lat' dir='ltr'><strong>regno</strong></span> <span class='ocrx_word' id='word_1_66' title='bbox 870 1406 1003 1460; x_wconf 89' lang='lat' dir='ltr'><strong>Troianus</strong></span> <span class='ocrx_word' id='word_1_67' title='bbox 1022 1408 1148 1473; x_wconf 83' lang='lat' dir='ltr'><strong>Acestes,</strong></span> 
     </span>
     <span class='ocr_line' id='line_1_12' title="bbox 432 1482 1156 1553; baseline -0.001 -14"><span class='ocrx_word' id='word_1_68' title='bbox 432 1484 589 1553; x_wconf 88' lang='lat' dir='ltr'><strong>Indicitque</strong></span> <span class='ocrx_word' id='word_1_69' title='bbox 607 1484 695 1537; x_wconf 86' lang='lat' dir='ltr'><strong>forum</strong></span> <span class='ocrx_word' id='word_1_70' title='bbox 714 1485 743 1548; x_wconf 85' lang='lat' dir='ltr'><strong>et</strong></span> <span class='ocrx_word' id='word_1_71' title='bbox 760 1482 885 1552; x_wconf 87' lang='lat' dir='ltr'><strong>patribus</strong></span> <span class='ocrx_word' id='word_1_72' title='bbox 903 1482 952 1537; x_wconf 87' lang='lat' dir='ltr'><strong>dat</strong></span> <span class='ocrx_word' id='word_1_73' title='bbox 969 1482 1030 1536; x_wconf 89' lang='lat' dir='ltr'><strong>iura</strong></span> <span class='ocrx_word' id='word_1_74' title='bbox 1046 1484 1156 1539; x_wconf 83' lang='lat' dir='ltr'><strong>vocatis.</strong></span> 
     </span>
    </p>

    <p class='ocr_par' dir='ltr' id='par_1_7' title="bbox 431 1559 1106 1628">
     <span class='ocr_line' id='line_1_13' title="bbox 431 1559 1106 1628; baseline -0.003 -13"><span class='ocrx_word' id='word_1_75' title='bbox 431 1562 501 1615; x_wconf 89' lang='lat' dir='ltr'><strong>Tum</strong></span> <span class='ocrx_word' id='word_1_76' title='bbox 519 1560 608 1614; x_wconf 83' lang='lat' dir='ltr'><strong>vicina</strong></span> <span class='ocrx_word' id='word_1_77' title='bbox 624 1559 707 1613; x_wconf 91' lang='lat' dir='ltr'><strong>astris</strong></span> <span class='ocrx_word' id='word_1_78' title='bbox 725 1560 841 1628; x_wconf 76' lang='lat' dir='ltr'><strong>Erycino</strong></span> <span class='ocrx_word' id='word_1_79' title='bbox 859 1559 888 1612; x_wconf 90' lang='lat' dir='ltr'><strong>in</strong></span> <span class='ocrx_word' id='word_1_80' title='bbox 905 1560 1009 1614; x_wconf 83' lang='lat' dir='ltr'><strong>vertice</strong></span> <span class='ocrx_word' id='word_1_81' title='bbox 1027 1560 1106 1613; x_wconf 84' lang='lat' dir='ltr'><strong>sedes</strong></span> 
     </span>
    </p>

    <p class='ocr_par' dir='ltr' id='par_1_8' title="bbox 432 1635 1286 1767">
     <span class='ocr_line' id='line_1_14' title="bbox 432 1635 1286 1705; baseline 0.005 -14"><span class='ocrx_word' id='word_1_82' title='bbox 432 1636 578 1691; x_wconf 82' lang='lat' dir='ltr'><strong>Fundetur</strong></span> <span class='ocrx_word' id='word_1_83' title='bbox 595 1635 699 1689; x_wconf 88' lang='lat' dir='ltr'><strong>Veneri</strong></span> <span class='ocrx_word' id='word_1_84' title='bbox 718 1635 831 1705; x_wconf 85' lang='lat' dir='ltr'><strong>Idaliae,</strong></span> <span class='ocrx_word' id='word_1_85' title='bbox 848 1635 1010 1704; x_wconf 86' lang='lat' dir='ltr'><strong>tumuloque</strong></span> <span class='ocrx_word' id='word_1_86' title='bbox 1027 1636 1155 1691; x_wconf 86' lang='lat' dir='ltr'><strong>sacerdos</strong></span> <span class='ocrx_word' id='word_1_87' title='bbox 1249 1653 1286 1695; x_wconf 84' lang='lat' dir='ltr'><strong>roe</strong></span> 
     </span>
     <span class='ocr_line' id='line_1_15' title="bbox 433 1711 1032 1767; baseline -0.003 0"><span class='ocrx_word' id='word_1_88' title='bbox 433 1716 476 1767; x_wconf 88' lang='lat' dir='ltr'><strong>Ac</strong></span> <span class='ocrx_word' id='word_1_89' title='bbox 493 1712 570 1767; x_wconf 88' lang='lat' dir='ltr'><strong>lucus</strong></span> <span class='ocrx_word' id='word_1_90' title='bbox 587 1711 644 1766; x_wconf 84' lang='lat' dir='ltr'><strong>late</strong></span> <span class='ocrx_word' id='word_1_91' title='bbox 662 1728 739 1765; x_wconf 89' lang='lat' dir='ltr'><strong>sacer</strong></span> <span class='ocrx_word' id='word_1_92' title='bbox 755 1712 870 1765; x_wconf 88' lang='lat' dir='ltr'><strong>additur</strong></span> <span class='ocrx_word' id='word_1_93' title='bbox 888 1712 1032 1765; x_wconf 88' lang='lat' dir='ltr'><strong>Anchiseo.</strong></span> 
     </span>
    </p>

    <p class='ocr_par' dir='ltr' id='par_1_9' title="bbox 468 1787 1219 1858">
     <span class='ocr_line' id='line_1_16' title="bbox 468 1787 1219 1858; baseline 0.005 -17"><span class='ocrx_word' id='word_1_94' title='bbox 468 1789 583 1858; x_wconf 89' lang='lat' dir='ltr'><strong>lamque</strong></span> <span class='ocrx_word' id='word_1_95' title='bbox 601 1787 661 1842; x_wconf 87' lang='lat' dir='ltr'><strong>dies</strong></span> <span class='ocrx_word' id='word_1_96' title='bbox 679 1788 789 1856; x_wconf 84' lang='lat' dir='ltr'><strong>epulata</strong></span> <span class='ocrx_word' id='word_1_97' title='bbox 806 1804 905 1841; x_wconf 89' lang='lat' dir='ltr'><strong>novem</strong></span> <span class='ocrx_word' id='word_1_98' title='bbox 922 1805 990 1856; x_wconf 87' lang='lat' dir='ltr'><strong>gens</strong></span> <span class='ocrx_word' id='word_1_99' title='bbox 1008 1790 1101 1854; x_wconf 85' lang='lat' dir='ltr'><strong>omnis,</strong></span> <span class='ocrx_word' id='word_1_100' title='bbox 1118 1794 1147 1845; x_wconf 91' lang='lat' dir='ltr'><strong>et</strong></span> <span class='ocrx_word' id='word_1_101' title='bbox 1164 1791 1219 1845; x_wconf 89' lang='lat' dir='ltr'><strong>aris</strong></span> 
     </span>
    </p>

    <p class='ocr_par' dir='ltr' id='par_1_10' title="bbox 432 1864 1287 2161">
     <span class='ocr_line' id='line_1_17' title="bbox 433 1864 1187 1934; baseline 0 -14"><span class='ocrx_word' id='word_1_102' title='bbox 433 1865 535 1920; x_wconf 81' lang='lat' dir='ltr'><strong>Factus</strong></span> <span class='ocrx_word' id='word_1_103' title='bbox 552 1864 651 1918; x_wconf 87' lang='lat' dir='ltr'><strong>honos:</strong></span> <span class='ocrx_word' id='word_1_104' title='bbox 672 1864 773 1932; x_wconf 84' lang='lat' dir='ltr'><strong>placidi</strong></span> <span class='ocrx_word' id='word_1_105' title='bbox 791 1867 949 1918; x_wconf 86' lang='lat' dir='ltr'><strong>straverunt</strong></span> <span class='ocrx_word' id='word_1_106' title='bbox 967 1880 1087 1932; x_wconf 88' lang='lat' dir='ltr'><strong>aequora</strong></span> <span class='ocrx_word' id='word_1_107' title='bbox 1104 1867 1187 1934; x_wconf 81' lang='lat' dir='ltr'><strong>venti,</strong></span> 
     </span>
     <span class='ocr_line' id='line_1_18' title="bbox 433 1940 1233 2008; baseline 0.003 -13"><span class='ocrx_word' id='word_1_108' title='bbox 433 1941 538 1996; x_wconf 81' lang='lat' dir='ltr'><strong>Creber</strong></span> <span class='ocrx_word' id='word_1_109' title='bbox 555 1948 585 1995; x_wconf 91' lang='lat' dir='ltr'><strong>et</strong></span> <span class='ocrx_word' id='word_1_110' title='bbox 602 1941 744 2008; x_wconf 82' lang='lat' dir='ltr'><strong>adspirans</strong></span> <span class='ocrx_word' id='word_1_111' title='bbox 761 1956 856 1993; x_wconf 86' lang='lat' dir='ltr'><strong>rursus</strong></span> <span class='ocrx_word' id='word_1_112' title='bbox 874 1943 952 1993; x_wconf 89' lang='lat' dir='ltr'><strong>vocat</strong></span> <span class='ocrx_word' id='word_1_113' title='bbox 970 1940 1076 1994; x_wconf 83' lang='lat' dir='ltr'><strong>Auster</strong></span> <span class='ocrx_word' id='word_1_114' title='bbox 1093 1943 1122 1995; x_wconf 91' lang='lat' dir='ltr'><strong>in</strong></span> <span class='ocrx_word' id='word_1_115' title='bbox 1139 1943 1233 1997; x_wconf 90' lang='lat' dir='ltr'><strong>altum.</strong></span> 
     </span>
     <span class='ocr_line' id='line_1_19' title="bbox 432 2015 1287 2086; baseline 0.004 -15"><span class='ocrx_word' id='word_1_116' title='bbox 432 2017 565 2071; x_wconf 80' lang='lat' dir='ltr'><strong>Exoritur</strong></span> <span class='ocrx_word' id='word_1_117' title='bbox 581 2032 715 2086; x_wconf 86' lang='lat' dir='ltr'><strong>procurva</strong></span> <span class='ocrx_word' id='word_1_118' title='bbox 732 2016 827 2084; x_wconf 81' lang='lat' dir='ltr'><strong>ingens</strong></span> <span class='ocrx_word' id='word_1_119' title='bbox 844 2032 895 2084; x_wconf 89' lang='lat' dir='ltr'><strong>per</strong></span> <span class='ocrx_word' id='word_1_120' title='bbox 911 2016 993 2070; x_wconf 91' lang='lat' dir='ltr'><strong>litora</strong></span> <span class='ocrx_word' id='word_1_121' title='bbox 1010 2015 1106 2084; x_wconf 85' lang='lat' dir='ltr'><strong>fletus;</strong></span> <span class='ocrx_word' id='word_1_122' title='bbox 1250 2032 1287 2074; x_wconf 77' lang='lat' dir='ltr'><strong>roc</strong></span> 
     </span>
     <span class='ocr_line' id='line_1_20' title="bbox 434 2091 1196 2161; baseline 0.003 -13"><span class='ocrx_word' id='word_1_123' title='bbox 434 2093 565 2161; x_wconf 71' lang='lat' dir='ltr'><strong>conplexi</strong></span> <span class='ocrx_word' id='word_1_124' title='bbox 582 2093 656 2146; x_wconf 90' lang='lat' dir='ltr'><strong>inter</strong></span> <span class='ocrx_word' id='word_1_125' title='bbox 673 2109 703 2146; x_wconf 90' lang='lat' dir='ltr'><strong>se</strong></span> <span class='ocrx_word' id='word_1_126' title='bbox 721 2095 885 2159; x_wconf 90' lang='lat' dir='ltr'><strong>noctemque</strong></span> <span class='ocrx_word' id='word_1_127' title='bbox 904 2091 1033 2160; x_wconf 86' lang='lat' dir='ltr'><strong>diemque</strong></span> <span class='ocrx_word' id='word_1_128' title='bbox 1051 2105 1196 2149; x_wconf 88' lang='lat' dir='ltr'><strong>morantur.</strong></span> 
     </span>
    </p>

    <p class='ocr_par' dir='ltr' id='par_1_11' title="bbox 434 2167 1183 2238">
     <span class='ocr_line' id='line_1_21' title="bbox 434 2167 1183 2238; baseline 0.003 -15"><span class='ocrx_word' id='word_1_129' title='bbox 434 2170 515 2238; x_wconf 89' lang='lat' dir='ltr'><strong>Ipsae</strong></span> <span class='ocrx_word' id='word_1_130' title='bbox 532 2169 587 2223; x_wconf 90' lang='lat' dir='ltr'><strong>iam</strong></span> <span class='ocrx_word' id='word_1_131' title='bbox 605 2172 716 2236; x_wconf 88' lang='lat' dir='ltr'><strong>matres,</strong></span> <span class='ocrx_word' id='word_1_132' title='bbox 734 2167 793 2236; x_wconf 80' lang='lat' dir='ltr'><strong>ipsi,</strong></span> <span class='ocrx_word' id='word_1_133' title='bbox 812 2167 912 2235; x_wconf 89' lang='lat' dir='ltr'><strong>quibus</strong></span> <span class='ocrx_word' id='word_1_134' title='bbox 931 2185 1028 2236; x_wconf 88' lang='lat' dir='ltr'><strong>aspera</strong></span> <span class='ocrx_word' id='word_1_135' title='bbox 1045 2170 1183 2237; x_wconf 91' lang='lat' dir='ltr'><strong>quondam</strong></span> 
     </span>
    </p>

    <p class='ocr_par' dir='ltr' id='par_1_12' title="bbox 433 2243 1106 2312">
     <span class='ocr_line' id='line_1_22' title="bbox 433 2243 1106 2312; baseline -0.001 -13"><span class='ocrx_word' id='word_1_136' title='bbox 433 2245 501 2299; x_wconf 87' lang='lat' dir='ltr'><strong>Visa</strong></span> <span class='ocrx_word' id='word_1_137' title='bbox 518 2245 601 2299; x_wconf 89' lang='lat' dir='ltr'><strong>maris</strong></span> <span class='ocrx_word' id='word_1_138' title='bbox 619 2245 702 2299; x_wconf 86' lang='lat' dir='ltr'><strong>facies</strong></span> <span class='ocrx_word' id='word_1_139' title='bbox 720 2248 750 2299; x_wconf 89' lang='lat' dir='ltr'><strong>et</strong></span> <span class='ocrx_word' id='word_1_140' title='bbox 767 2261 820 2297; x_wconf 91' lang='lat' dir='ltr'><strong>non</strong></span> <span class='ocrx_word' id='word_1_141' title='bbox 839 2243 982 2297; x_wconf 89' lang='lat' dir='ltr'><strong>tolerabile</strong></span> <span class='ocrx_word' id='word_1_142' title='bbox 1000 2262 1106 2312; x_wconf 89' lang='lat' dir='ltr'><strong>nomen,</strong></span> 
     </span>
    </p>

    <p class='ocr_par' dir='ltr' id='par_1_13' title="bbox 434 2319 1167 2390">
     <span class='ocr_line' id='line_1_23' title="bbox 434 2319 1167 2390; baseline 0.001 -15"><span class='ocrx_word' id='word_1_143' title='bbox 434 2321 480 2376; x_wconf 89' lang='lat' dir='ltr'><strong>Ire</strong></span> <span class='ocrx_word' id='word_1_144' title='bbox 497 2320 599 2390; x_wconf 84' lang='lat' dir='ltr'><strong>volunt,</strong></span> <span class='ocrx_word' id='word_1_145' title='bbox 618 2337 780 2389; x_wconf 91' lang='lat' dir='ltr'><strong>omnemque</strong></span> <span class='ocrx_word' id='word_1_146' title='bbox 798 2319 879 2387; x_wconf 85' lang='lat' dir='ltr'><strong>fugae</strong></span> <span class='ocrx_word' id='word_1_147' title='bbox 896 2320 1020 2388; x_wconf 86' lang='lat' dir='ltr'><strong>perferre</strong></span> <span class='ocrx_word' id='word_1_148' title='bbox 1039 2322 1167 2376; x_wconf 88' lang='lat' dir='ltr'><strong>laborem</strong></span> 
     </span>
    </p>

    <p class='ocr_par' dir='ltr' id='par_1_14' title="bbox 432 2396 1288 2543">
     <span class='ocr_line' id='line_1_24' title="bbox 432 2396 1288 2467; baseline 0 -15"><span class='ocrx_word' id='word_1_149' title='bbox 432 2398 507 2463; x_wconf 84' lang='lat' dir='ltr'><strong>Quos</strong></span> <span class='ocrx_word' id='word_1_150' title='bbox 524 2396 611 2451; x_wconf 91' lang='lat' dir='ltr'><strong>bonus</strong></span> <span class='ocrx_word' id='word_1_151' title='bbox 630 2400 739 2451; x_wconf 83' lang='lat' dir='ltr'><strong>Aeneas</strong></span> <span class='ocrx_word' id='word_1_152' title='bbox 758 2397 838 2451; x_wconf 89' lang='lat' dir='ltr'><strong>dictis</strong></span> <span class='ocrx_word' id='word_1_153' title='bbox 855 2396 961 2450; x_wconf 89' lang='lat' dir='ltr'><strong>solatur</strong></span> <span class='ocrx_word' id='word_1_154' title='bbox 978 2399 1079 2467; x_wconf 82' lang='lat' dir='ltr'><strong>amieis,</strong></span> <span class='ocrx_word' id='word_1_155' title='bbox 1250 2410 1288 2454; x_wconf 75' lang='lat' dir='ltr'><strong>wo</strong></span> 
     </span>
     <span class='ocr_line' id='line_1_25' title="bbox 433 2473 1183 2543; baseline 0.001 -15"><span class='ocrx_word' id='word_1_156' title='bbox 433 2473 470 2528; x_wconf 83' lang='lat' dir='ltr'><strong>llt</strong></span> <span class='ocrx_word' id='word_1_157' title='bbox 487 2473 686 2543; x_wconf 85' lang='lat' dir='ltr'><strong>consanguineo</strong></span> <span class='ocrx_word' id='word_1_158' title='bbox 704 2473 848 2527; x_wconf 86' lang='lat' dir='ltr'><strong>lacrimans</strong></span> <span class='ocrx_word' id='word_1_159' title='bbox 865 2474 1039 2529; x_wconf 86' lang='lat' dir='ltr'><strong>commendat</strong></span> <span class='ocrx_word' id='word_1_160' title='bbox 1057 2476 1183 2529; x_wconf 86' lang='lat' dir='ltr'><strong>Acestae.</strong></span> 
     </span>
    </p>

    <p class='ocr_par' dir='ltr' id='par_1_15' title="bbox 432 2549 1113 2620">
     <span class='ocr_line' id='line_1_26' title="bbox 432 2549 1113 2620; baseline 0.004 -18"><span class='ocrx_word' id='word_1_161' title='bbox 432 2549 494 2605; x_wconf 88' lang='lat' dir='ltr'><strong>Tris</strong></span> <span class='ocrx_word' id='word_1_162' title='bbox 512 2550 591 2618; x_wconf 82' lang='lat' dir='ltr'><strong>Eryci</strong></span> <span class='ocrx_word' id='word_1_163' title='bbox 609 2550 709 2604; x_wconf 88' lang='lat' dir='ltr'><strong>vitulos</strong></span> <span class='ocrx_word' id='word_1_164' title='bbox 727 2554 756 2605; x_wconf 91' lang='lat' dir='ltr'><strong>et</strong></span> <span class='ocrx_word' id='word_1_165' title='bbox 774 2549 996 2619; x_wconf 84' lang='lat' dir='ltr'><strong>Tempestatibus</strong></span> <span class='ocrx_word' id='word_1_166' title='bbox 1014 2568 1113 2620; x_wconf 80' lang='lat' dir='ltr'><strong>agnam</strong></span> 
     </span>
    </p>

    <p class='ocr_par' dir='ltr' id='par_1_16' title="bbox 433 2626 1320 2772">
     <span class='ocr_line' id='line_1_27' title="bbox 433 2626 1320 2696; baseline 0.001 -16"><span class='ocrx_word' id='word_1_167' title='bbox 433 2626 557 2681; x_wconf 81' lang='lat' dir='ltr'><strong>Caedere</strong></span> <span class='ocrx_word' id='word_1_168' title='bbox 575 2626 675 2681; x_wconf 88' lang='lat' dir='ltr'><strong>deinde</strong></span> <span class='ocrx_word' id='word_1_169' title='bbox 692 2627 778 2694; x_wconf 88' lang='lat' dir='ltr'><strong>iubet,</strong></span> <span class='ocrx_word' id='word_1_170' title='bbox 796 2626 919 2696; x_wconf 84' lang='lat' dir='ltr'><strong>solvique</strong></span> <span class='ocrx_word' id='word_1_171' title='bbox 937 2644 971 2681; x_wconf 86' lang='lat' dir='ltr'><strong>ex</strong></span> <span class='ocrx_word' id='word_1_172' title='bbox 988 2628 1085 2682; x_wconf 91' lang='lat' dir='ltr'><strong>ordine</strong></span> <span class='ocrx_word' id='word_1_173' title='bbox 1102 2627 1202 2683; x_wconf 87' lang='lat' dir='ltr'><strong>funem.</strong></span> <span class='ocrx_word' id='word_1_174' title='bbox 1316 2682 1320 2691; x_wconf 80' lang='grc'><em>,</em></span> 
     </span>
     <span class='ocr_line' id='line_1_28' title="bbox 433 2703 1061 2772; baseline 0.003 -16"><span class='ocrx_word' id='word_1_175' title='bbox 433 2703 506 2772; x_wconf 86' lang='lat' dir='ltr'><strong>Ipse,</strong></span> <span class='ocrx_word' id='word_1_176' title='bbox 525 2706 607 2771; x_wconf 89' lang='lat' dir='ltr'><strong>caput</strong></span> <span class='ocrx_word' id='word_1_177' title='bbox 624 2707 720 2757; x_wconf 88' lang='lat' dir='ltr'><strong>tonsae</strong></span> <span class='ocrx_word' id='word_1_178' title='bbox 738 2703 809 2757; x_wconf 84' lang='lat' dir='ltr'><strong>foliis</strong></span> <span class='ocrx_word' id='word_1_179' title='bbox 827 2704 950 2758; x_wconf 84' lang='lat' dir='ltr'><strong>evinctus</strong></span> <span class='ocrx_word' id='word_1_180' title='bbox 967 2705 1061 2772; x_wconf 88' lang='lat' dir='ltr'><strong>olivae,</strong></span> 
     </span>
    </p>

    <p class='ocr_par' dir='ltr' id='par_1_17' title="bbox 374 2778 1310 3305">
     <span class='ocr_line' id='line_1_29' title="bbox 432 2778 1287 2849; baseline 0.004 -16"><span class='ocrx_word' id='word_1_181' title='bbox 432 2778 514 2833; x_wconf 84' lang='lat' dir='ltr'><strong>Stans</strong></span> <span class='ocrx_word' id='word_1_182' title='bbox 527 2778 619 2847; x_wconf 90' lang='lat' dir='ltr'><strong>procul</strong></span> <span class='ocrx_word' id='word_1_183' title='bbox 631 2778 659 2831; x_wconf 93' lang='lat' dir='ltr'><strong>in</strong></span> <span class='ocrx_word' id='word_1_184' title='bbox 671 2796 754 2847; x_wconf 87' lang='lat' dir='ltr'><strong>prora</strong></span> <span class='ocrx_word' id='word_1_185' title='bbox 766 2783 891 2847; x_wconf 87' lang='lat' dir='ltr'><strong>pateram</strong></span> <span class='ocrx_word' id='word_1_186' title='bbox 904 2782 989 2848; x_wconf 86' lang='lat' dir='ltr'><strong>tenet,</strong></span> <span class='ocrx_word' id='word_1_187' title='bbox 1002 2784 1121 2849; x_wconf 88' lang='lat' dir='ltr'><strong>extaque</strong></span> <span class='ocrx_word' id='word_1_188' title='bbox 1133 2782 1217 2835; x_wconf 85' lang='lat' dir='ltr'><strong>salsos</strong></span> <span class='ocrx_word' id='word_1_189' title='bbox 1251 2792 1287 2836; x_wconf 74' lang='lat' dir='ltr'><strong>trs</strong></span> 
     </span>
     <span class='ocr_line' id='line_1_30' title="bbox 433 2854 1111 2925; baseline 0.004 -17"><span class='ocrx_word' id='word_1_190' title='bbox 433 2855 550 2909; x_wconf 86' lang='lat' dir='ltr'><strong>Porricit</strong></span> <span class='ocrx_word' id='word_1_191' title='bbox 567 2854 595 2907; x_wconf 91' lang='lat' dir='ltr'><strong>in</strong></span> <span class='ocrx_word' id='word_1_192' title='bbox 613 2855 712 2909; x_wconf 87' lang='lat' dir='ltr'><strong>fluctus</strong></span> <span class='ocrx_word' id='word_1_193' title='bbox 731 2872 761 2909; x_wconf 94' lang='lat' dir='ltr'><strong>ac</strong></span> <span class='ocrx_word' id='word_1_194' title='bbox 780 2857 842 2909; x_wconf 88' lang='lat' dir='ltr'><strong>rina</strong></span> <span class='ocrx_word' id='word_1_195' title='bbox 860 2856 993 2925; x_wconf 88' lang='lat' dir='ltr'><strong>liquentia</strong></span> <span class='ocrx_word' id='word_1_196' title='bbox 1011 2856 1111 2911; x_wconf 87' lang='lat' dir='ltr'><strong>fundit.</strong></span> 
     </span>
     <span class='ocr_line' id='line_1_31' title="bbox 433 2930 1174 3001; baseline 0.001 -16"><span class='ocrx_word' id='word_1_197' title='bbox 433 2930 614 3001; x_wconf 87' lang='lat' dir='ltr'><strong>Prosequitur</strong></span> <span class='ocrx_word' id='word_1_198' title='bbox 633 2947 748 2999; x_wconf 85' lang='lat' dir='ltr'><strong>surgens</strong></span> <span class='ocrx_word' id='word_1_199' title='bbox 766 2948 784 2985; x_wconf 88' lang='lat' dir='ltr'><strong>a</strong></span> <span class='ocrx_word' id='word_1_200' title='bbox 800 2932 886 3000; x_wconf 89' lang='lat' dir='ltr'><strong>puppi</strong></span> <span class='ocrx_word' id='word_1_201' title='bbox 905 2936 1003 2987; x_wconf 88' lang='lat' dir='ltr'><strong>ventus</strong></span> <span class='ocrx_word' id='word_1_202' title='bbox 1021 2932 1118 2988; x_wconf 85' lang='lat' dir='ltr'><strong>euntia</strong></span> <span class='ocrx_word' id='word_1_203' title='bbox 1170 2947 1174 2953; x_wconf 91' lang='lat'>·</span> 
     </span>
     <span class='ocr_line' id='line_1_32' title="bbox 432 3008 1187 3078; baseline -0.001 -15"><span class='ocrx_word' id='word_1_204' title='bbox 432 3008 567 3063; x_wconf 82' lang='lat' dir='ltr'><strong>Certatim</strong></span> <span class='ocrx_word' id='word_1_205' title='bbox 585 3008 650 3062; x_wconf 87' lang='lat' dir='ltr'><strong>socii</strong></span> <span class='ocrx_word' id='word_1_206' title='bbox 668 3008 772 3063; x_wconf 83' lang='lat' dir='ltr'><strong>feriunt</strong></span> <span class='ocrx_word' id='word_1_207' title='bbox 789 3025 864 3062; x_wconf 87' lang='lat' dir='ltr'><strong>mare</strong></span> <span class='ocrx_word' id='word_1_208' title='bbox 884 3011 914 3062; x_wconf 92' lang='lat' dir='ltr'><strong>et</strong></span> <span class='ocrx_word' id='word_1_209' title='bbox 931 3025 1051 3078; x_wconf 87' lang='lat' dir='ltr'><strong>aequora</strong></span> <span class='ocrx_word' id='word_1_210' title='bbox 1068 3011 1187 3064; x_wconf 82' lang='lat' dir='ltr'><strong>verrunt.</strong></span> 
     </span>
     <span class='ocr_line' id='line_1_33' title="bbox 374 3084 1152 3153; baseline -0.001 -13"><span class='ocrx_word' id='word_1_211' title='bbox 374 3109 378 3115; x_wconf 95' lang='lat'>·</span> <span class='ocrx_word' id='word_1_212' title='bbox 467 3087 508 3140; x_wconf 88' lang='lat' dir='ltr'><strong>At</strong></span> <span class='ocrx_word' id='word_1_213' title='bbox 526 3085 620 3139; x_wconf 87' lang='lat' dir='ltr'><strong>Venus</strong></span> <span class='ocrx_word' id='word_1_214' title='bbox 638 3085 744 3138; x_wconf 87' lang='lat' dir='ltr'><strong>interea</strong></span> <span class='ocrx_word' id='word_1_215' title='bbox 762 3084 923 3153; x_wconf 89' lang='lat' dir='ltr'><strong>Neptunum</strong></span> <span class='ocrx_word' id='word_1_216' title='bbox 942 3086 1063 3139; x_wconf 84' lang='lat' dir='ltr'><strong>exercita</strong></span> <span class='ocrx_word' id='word_1_217' title='bbox 1080 3084 1152 3139; x_wconf 92' lang='lat' dir='ltr'><strong>curis</strong></span> 
     </span>
     <span class='ocr_line' id='line_1_34' title="bbox 433 3159 1310 3230; baseline 0 -14"><span class='ocrx_word' id='word_1_218' title='bbox 433 3161 609 3230; x_wconf 88' lang='lat' dir='ltr'><strong>Adloquitur,</strong></span> <span class='ocrx_word' id='word_1_219' title='bbox 627 3161 746 3230; x_wconf 86' lang='lat' dir='ltr'><strong>talisque</strong></span> <span class='ocrx_word' id='word_1_220' title='bbox 765 3159 882 3214; x_wconf 89' lang='lat' dir='ltr'><strong>effundit</strong></span> <span class='ocrx_word' id='word_1_221' title='bbox 900 3170 1011 3229; x_wconf 86' lang='lat' dir='ltr'><strong>pectore</strong></span> <span class='ocrx_word' id='word_1_222' title='bbox 1031 3166 1157 3230; x_wconf 87' lang='lat' dir='ltr'><strong>questus:</strong></span> <span class='ocrx_word' id='word_1_223' title='bbox 1251 3175 1289 3216; x_wconf 81' lang='lat' dir='ltr'><strong>rso</strong></span> <span class='ocrx_word' id='word_1_224' title='bbox 1309 3196 1310 3199; x_wconf 59' lang='lat'><em>=</em></span> 
     </span>
     <span class='ocr_line' id='line_1_35' title="bbox 433 3236 1098 3305; baseline -0.002 -13"><span class='ocrx_word' id='word_1_225' title='bbox 433 3238 545 3292; x_wconf 88' lang='lat' dir='ltr'><strong>lunonis</strong></span> <span class='ocrx_word' id='word_1_226' title='bbox 562 3239 654 3305; x_wconf 83' lang='lat' dir='ltr'><strong>gravis</strong></span> <span class='ocrx_word' id='word_1_227' title='bbox 672 3238 714 3292; x_wconf 87' lang='lat' dir='ltr'><strong>ira</strong></span> <span class='ocrx_word' id='word_1_228' title='bbox 731 3254 781 3291; x_wconf 92' lang='lat' dir='ltr'><strong>nec</strong></span> <span class='ocrx_word' id='word_1_229' title='bbox 801 3236 984 3291; x_wconf 81' lang='lat' dir='ltr'><strong>exsaturabile</strong></span> <span class='ocrx_word' id='word_1_230' title='bbox 1002 3241 1098 3305; x_wconf 89' lang='lat' dir='ltr'><strong>pectus</strong></span> 
     </span>
    </p>

    <p class='ocr_par' dir='ltr' id='par_1_18' title="bbox 432 3314 1236 3460">
     <span class='ocr_line' id='line_1_36' title="bbox 432 3314 1236 3384; baseline 0.001 -17"><span class='ocrx_word' id='word_1_231' title='bbox 432 3314 541 3382; x_wconf 77' lang='lat' dir='ltr'><strong>Cogrmt</strong></span> <span class='ocrx_word' id='word_1_232' title='bbox 558 3331 610 3383; x_wconf 88' lang='lat' dir='ltr'><strong>me,</strong></span> <span class='ocrx_word' id='word_1_233' title='bbox 630 3314 766 3383; x_wconf 88' lang='lat' dir='ltr'><strong>Neptune,</strong></span> <span class='ocrx_word' id='word_1_234' title='bbox 786 3332 882 3384; x_wconf 85' lang='lat' dir='ltr'><strong>preces</strong></span> <span class='ocrx_word' id='word_1_235' title='bbox 903 3314 1070 3369; x_wconf 88' lang='lat' dir='ltr'><strong>descendere</strong></span> <span class='ocrx_word' id='word_1_236' title='bbox 1089 3315 1118 3367; x_wconf 93' lang='lat' dir='ltr'><strong>in</strong></span> <span class='ocrx_word' id='word_1_237' title='bbox 1135 3314 1236 3380; x_wconf 91' lang='lat' dir='ltr'><strong>omnis;</strong></span> 
     </span>
     <span class='ocr_line' id='line_1_37' title="bbox 433 3390 1156 3460; baseline 0 -15"><span class='ocrx_word' id='word_1_238' title='bbox 433 3392 522 3456; x_wconf 83' lang='lat' dir='ltr'><strong>Quam</strong></span> <span class='ocrx_word' id='word_1_239' title='bbox 539 3407 589 3445; x_wconf 90' lang='lat' dir='ltr'><strong>nec</strong></span> <span class='ocrx_word' id='word_1_240' title='bbox 606 3392 687 3459; x_wconf 79' lang='lat' dir='ltr'><strong>longa</strong></span> <span class='ocrx_word' id='word_1_241' title='bbox 705 3390 772 3458; x_wconf 88' lang='lat' dir='ltr'><strong>dies,</strong></span> <span class='ocrx_word' id='word_1_242' title='bbox 790 3391 881 3460; x_wconf 80' lang='lat' dir='ltr'><strong>pietas</strong></span> <span class='ocrx_word' id='word_1_243' title='bbox 898 3408 949 3446; x_wconf 90' lang='lat' dir='ltr'><strong>nec</strong></span> <span class='ocrx_word' id='word_1_244' title='bbox 966 3392 1075 3460; x_wconf 85' lang='lat' dir='ltr'><strong>mitigat</strong></span> <span class='ocrx_word' id='word_1_245' title='bbox 1093 3391 1156 3459; x_wconf 86' lang='lat' dir='ltr'><strong>ulla,</strong></span> 
     </span>
    </p>

    <p class='ocr_par' dir='ltr' id='par_1_19' title="bbox 366 3467 1367 3699">
     <span class='ocr_line' id='line_1_38' title="bbox 432 3467 1130 3539; baseline -0.004 -17"><span class='ocrx_word' id='word_1_246' title='bbox 432 3467 459 3521; x_wconf 87' lang='grc' dir='ltr'>Ν</span> <span class='ocrx_word' id='word_1_247' title='bbox 460 3485 491 3522; x_wconf 89' lang='lat' dir='ltr'><strong>ec</strong></span> <span class='ocrx_word' id='word_1_248' title='bbox 510 3467 584 3521; x_wconf 84' lang='lat' dir='ltr'><strong>Iovis</strong></span> <span class='ocrx_word' id='word_1_249' title='bbox 601 3467 706 3535; x_wconf 90' lang='lat' dir='ltr'><strong>inperio</strong></span> <span class='ocrx_word' id='word_1_250' title='bbox 723 3467 843 3536; x_wconf 84' lang='lat' dir='ltr'><strong>fatisque</strong></span> <span class='ocrx_word' id='word_1_251' title='bbox 860 3468 982 3524; x_wconf 75' lang='lat' dir='ltr'><strong>infracta</strong></span> <span class='ocrx_word' id='word_1_252' title='bbox 998 3467 1130 3539; x_wconf 64' lang='lat' dir='ltr'><strong>quiescit</strong></span> 
     </span>
     <span class='ocr_line' id='line_1_39' title="bbox 430 3536 1360 3618; baseline -0.004 -23"><span class='ocrx_word' id='word_1_253' title='bbox 430 3544 492 3596; x_wconf 86' lang='lat' dir='ltr'><strong>Non</strong></span> <span class='ocrx_word' id='word_1_254' title='bbox 510 3543 601 3597; x_wconf 88' lang='lat' dir='ltr'><strong>media</strong></span> <span class='ocrx_word' id='word_1_255' title='bbox 619 3543 758 3613; x_wconf 83' lang='lat' dir='ltr'><strong>degente</strong></span> <span class='ocrx_word' id='word_1_256' title='bbox 777 3544 926 3618; x_wconf 80' lang='lat' dir='ltr'><strong>Phrygum</strong></span> <span class='ocrx_word' id='word_1_257' title='bbox 945 3547 1082 3603; x_wconf 77' lang='lat' dir='ltr'><strong>exedisse</strong></span> <span class='ocrx_word' id='word_1_258' title='bbox 1099 3536 1243 3595; x_wconf 63' lang='lat' dir='ltr'><strong>serandis</strong></span> <span class='ocrx_word' id='word_1_259' title='bbox 1290 3536 1360 3617; x_wconf 37' lang='lat'><strong>*¹2⁸-</strong></span> 
     </span>
     <span class='ocr_line' id='line_1_40' title="bbox 366 3608 1367 3699; baseline 0.008 -32"><span class='ocrx_word' id='word_1_260' title='bbox 366 3615 371 3625; x_wconf 86' lang='lat'><em>&#39;</em></span> <span class='ocrx_word' id='word_1_261' title='bbox 423 3618 525 3669; x_wconf 84' lang='lat' dir='ltr'><strong>Urbem</strong></span> <span class='ocrx_word' id='word_1_262' title='bbox 543 3619 616 3673; x_wconf 84' lang='lat' dir='ltr'><strong>odiis</strong></span> <span class='ocrx_word' id='word_1_263' title='bbox 634 3622 705 3677; x_wconf 86' lang='lat' dir='ltr'><strong>satis</strong></span> <span class='ocrx_word' id='word_1_264' title='bbox 725 3626 780 3696; x_wconf 90' lang='lat' dir='ltr'><strong>est,</strong></span> <span class='ocrx_word' id='word_1_265' title='bbox 798 3642 856 3683; x_wconf 87' lang='lat' dir='ltr'><strong>nec</strong></span> <span class='ocrx_word' id='word_1_266' title='bbox 874 3643 1009 3699; x_wconf 84' lang='lat' dir='ltr'><strong>poenam</strong></span> <span class='ocrx_word' id='word_1_267' title='bbox 1026 3628 1121 3679; x_wconf 65' lang='lat' dir='ltr'><strong>traxe</strong></span> <span class='ocrx_word' id='word_1_268' title='bbox 1137 3628 1195 3685; x_wconf 57' lang='lat' dir='ltr'><strong>pet</strong></span> <span class='ocrx_word' id='word_1_269' title='bbox 1221 3608 1367 3658; x_wconf 51' lang='lat' dir='ltr'><strong>mmm·</strong></span> 
     </span>
    </p>
   </div>
   <div class='ocr_carea' id='block_1_3' title="bbox 406 3684 1261 3811">
    <p class='ocr_par' dir='ltr' id='par_1_20' title="bbox 406 3684 1261 3811">
     <span class='ocr_line' id='line_1_41' title="bbox 406 3684 1261 3811; baseline 0.007 -60"><span class='ocrx_word' id='word_1_270' title='bbox 406 3688 557 3811; x_wconf 52' lang='lat' dir='ltr'><strong>Reliqltgas</strong></span> <span class='ocrx_word' id='word_1_271' title='bbox 579 3697 689 3769; x_wconf 79' lang='lat' dir='ltr'><strong>Troiae,</strong></span> <span class='ocrx_word' id='word_1_272' title='bbox 711 3703 833 3763; x_wconf 80' lang='lat' dir='ltr'><strong>cinerea</strong></span> <span class='ocrx_word' id='word_1_273' title='bbox 850 3708 955 3779; x_wconf 82' lang='lat' dir='ltr'><strong>atque</strong></span> <span class='ocrx_word' id='word_1_274' title='bbox 976 3720 1052 3761; x_wconf 79' lang='lat' dir='ltr'><strong>ossa</strong></span> <span class='ocrx_word' id='word_1_275' title='bbox 1067 3684 1261 3770; x_wconf 50' lang='lat' dir='ltr'><strong>petffim</strong></span> 
     </span>
    </p>
   </div>
   <div class='ocr_carea' id='block_1_4' title="bbox 0 0 1746 4367">
    <p class='ocr_par' dir='ltr' id='par_1_21' title="bbox 0 0 1746 4367">
     <span class='ocr_line' id='line_1_42' title="bbox 0 0 1746 4367; baseline 0 0"><span class='ocrx_word' id='word_1_276' title='bbox 0 0 1746 4367; x_wconf 95' lang='lat' dir='ltr'><strong> </strong></span> 
     </span>
    </p>
   </div>
  </div>
 </body>
</html>
