3467 4367
685 633 868 684 AENEIDOS
885 632 955 682 LIB.
974 632 1056 681 VIII.
1198 676 1200 682 .
1237 631 1283 683 237

438 719 552 787 Accepit
571 718 679 772 solitam
697 717 841 782 flammam,
859 718 998 784 notusque
1015 713 1149 770 medullas

436 797 555 849 Intravit
573 796 653 858 calor,
672 796 701 848 et
718 793 853 847 labefacta
870 809 920 862 per
938 808 1000 846 ossa
1017 792 1151 848 cucurrit:
1251 802 1288 843 seo

435 874 498 926 Non
516 888 594 925 secus
612 875 696 939 atque
714 870 785 937 olim,
804 870 910 923 tonitru
928 886 989 923 cum
1007 873 1090 937 rupta
1107 883 1219 925 comsco

436 950 523 1018 Ignea
540 949 611 1002 rima
628 948 731 1001 micans
747 948 885 1015 percurrit
902 947 1005 1000 lumine
1023 946 1137 1002 nimbos.

436 1027 528 1080 Sensit
545 1026 620 1079 laeta
638 1024 708 1077 dolis
726 1028 756 1077 et
773 1024 876 1077 formae
894 1024 1001 1077 conscia
1018 1023 1141 1077 coniunx„

437 1103 505 1156 Turn
523 1106 603 1171 pater
621 1103 733 1154 aeterno
750 1099 825 1153 fatur
843 1099 986 1153 devinctus
1004 1117 1110 1156 amore:

437 1178 509 1243 Quid
527 1193 637 1232 caussas
654 1175 728 1244 petis
745 1192 780 1231 ex
798 1175 872 1229 altol
894 1175 994 1229 fiducia
1011 1177 1095 1231 cessit
1252 1186 1290 1229 ese

437 1255 496 1319 Quo
514 1255 573 1322 tibi,
592 1255 664 1322 diva,
681 1253 753 1308 meil
790 1252 891 1307 Similis
909 1252 933 1305 si
951 1269 1015 1306 cura
1032 1253 1138 1321 fuisset,

437 1330 505 1385 Tum
523 1348 632 1400 qnoque
648 1332 691 1385 fas
705 1329 787 1383 nobis
806 1329 925 1382 Teucros
942 1345 1049 1382 armare
1066 1329 1179 1396 fuisset3

437 1407 462 1459 N
465 1425 495 1461 cc
515 1408 599 1460 Pater
617 1407 789 1475 omnipotens
808 1404 917 1458 Troiam
935 1420 986 1457 nec
1002 1404 1060 1457 fata
1077 1404 1209 1459 vetabant

437 1483 517 1537 Stare
536 1482 687 1550 decemque
704 1482 772 1537 alios
791 1482 930 1534 Priamum
949 1498 1091 1550 superesse
1108 1498 1159 1550 per
1176 1496 1267 1534 annos.

437 1560 474 1613 Et
487 1576 565 1624 nunc,
578 1559 601 1611 si
613 1558 715 1613 bellare
727 1575 808 1627 paras
819 1562 904 1626 atque
918 1559 985 1611 haec
997 1558 1048 1612 tibi
1060 1575 1137 1612 mens
1149 1560 1201 1624 est,
1252 1569 1289 1610 eoo

438 1634 579 1703 Quidquid
596 1635 624 1687 in
642 1638 703 1688 arte
721 1652 783 1689 mea
800 1651 911 1704 possum
928 1636 1091 1703 promittere
1109 1650 1198 1701 curae,
1318 1640 1322 1648 ‘

438 1710 518 1776 Quod
536 1711 595 1766 fieri
612 1712 685 1765 ferro
703 1711 841 1780 liquidove
859 1715 953 1780 potest
972 1711 1080 1779 electro,

438 1787 575 1851 Quantum
594 1788 671 1856 ignes
689 1788 851 1858 animaeque
869 1788 969 1855 velent,
987 1786 1089 1842 absiste
1108 1786 1248 1857 precando

368 1887 381 1897 -
438 1864 552 1918 Viribus
572 1864 729 1919 indubitare
748 1864 811 1919 tuis.
849 1864 891 1919 Ea
908 1865 993 1919 verba
1009 1865 1117 1919 locutus

437 1939 556 2010 Optatos
574 1942 653 1996 dedit
671 1942 820 2010 amplexus,
839 1941 1033 2010 placidumque
1051 1942 1152 2010 petivit
1253 1952 1290 1993 sos

438 2016 568 2084 Coniugis
585 2018 691 2071 infusus
708 2018 813 2085 gremio
831 2033 882 2086 per
899 2016 1023 2070 membra
1040 2034 1171 2085 soporem.

388 2105 390 2113 ’
474 2093 544 2145 Inde
563 2092 609 2144 ubi
628 2093 717 2160 prima
735 2093 814 2160 quies
831 2093 923 2146 medio
942 2094 995 2146 iam
1013 2094 1100 2146 noctis
1117 2091 1230 2147 abactae

426 2167 580 2223 ·Ourriculo
598 2167 741 2234 expulerat
758 2183 891 2234 somnum,
910 2184 972 2221 cum
990 2168 1090 2220 femina
1107 2168 1233 2235 primum,

438 2242 490 2295 Gui
509 2242 627 2294 tolerare
645 2241 704 2294 colo
721 2242 806 2294 vitam
825 2244 959 2310 tenuique
978 2243 1102 2295 Minerva

439 2317 603 2386 Inpositam,
621 2318 740 2370 cinerem
758 2320 788 2371 et
807 2318 910 2385 sopitos
929 2319 1044 2373 suscitat
1062 2320 1140 2387 ignis,
1254 2332 1291 2373 41⁰

440 2394 555 2446 Noctem
574 2393 678 2446 addens
697 2394 780 2461 operi,
799 2394 969 2463 famulasque
987 2394 1024 2447 ad
1042 2395 1145 2449 lumina
1162 2396 1243 2463 longo

440 2469 559 2523 Exercet
576 2485 668 2537 penso,
686 2472 792 2522 eastum
810 2473 842 2524 ut
861 2486 970 2525 servare
987 2471 1076 2526 cubile

439 2546 568 2613 Coniugis
586 2550 614 2599 et
632 2544 720 2614 possit
738 2562 836 2613 parvos
854 2546 973 2603 educere
992 2553 1083 2604 natos:

440 2622 525 2674 Haud
542 2638 619 2675 secus
639 2621 800 2690 Ignipotens
818 2639 868 2677 nec
886 2627 1011 2691 tempore
1029 2625 1138 2693 segnior·
1155 2624 1203 2679 illo

440 2698 568 2751 Mollibus
585 2714 602 2751 e
620 2698 716 2751 stratis
734 2714 819 2767 opera
837 2699 874 2751 ad
892 2698 999 2753 fabrilia
1017 2702 1110 2769 surgit
1253 2713 1290 2757 41⁶

440 2774 534 2827 Insula
552 2773 687 2828 Sicanium
705 2775 784 2828 iuxta
801 2774 874 2829 latus
893 2776 1074 2844 Aeoliamque

439 2850 562 2917 Erigitur
581 2850 706 2919 Liparen,
724 2851 893 2905 fumantibus
911 2852 999 2905 ardua
1017 2853 1097 2920 saxis,

440 2927 527 2991 Quam
545 2926 641 2980 subter
654 2943 756 2995 specus
773 2932 803 2980 et
821 2928 967 2995 Cyclopum
985 2945 1068 2983 exesa
1085 2929 1197 2983 caminis

440 3004 531 3056 Antra
551 3006 676 3058 Aetnaea
693 3007 797 3070 tonant,
816 3003 955 3071 validique
972 3004 1116 3058 incudibus
1132 3005 1204 3059 ictus

440 3080 539 3133 Auditi
558 3080 683 3134 referunt
700 3080 841 3147 gemitum,
859 3079 1036 3149 striduntque
1054 3082 1176 3136 cavenris
1253 3095 1291 3136 sao

440 3156 592 3209 Stricturae
610 3156 771 3224 Chalybum,
790 3161 819 3210 et
837 3156 990 3209 fornacibus
1008 3156 1079 3225 ignis
1095 3157 1213 3226 anhelat,

439 3229 554 3285 Volcani
573 3233 677 3299 domus,
696 3236 726 3286 et
745 3232 877 3286 Volcania
895 3233 1004 3287 nomine
1021 3234 1110 3289 tellus.

442 3306 503 3360 Hoc
520 3312 585 3361 tunc
604 3309 765 3377 Ignipotens
782 3309 857 3362 caelo
875 3309 1019 3365 descendit
1036 3310 1072 3365 ab
1090 3311 1152 3367 alto.
1223 3305 1227 3311 ¹

441 3380 557 3435 Ferrum
575 3385 740 3456 exercebant
758 3390 835 3440 vasto
854 3386 985 3455 Cyclopes
1002 3387 1030 3440 in
1048 3392 1134 3455 antro,

441 3457 614 3527 Brontesque
633 3461 818 3531 Steropesque·
835 3466 865 3517 et
883 3463 974 3517 nudus
990 3464 1122 3517 inembra
1133 3464 1311 3525 affirma„

379 3600 383 3605 .
442 3534 495 3587 His
511 3535 688 3592 informatum
706 3540 840 3596 manibus
854 3540 917 3596 iam
931 3548 1021 3612 parte
1037 3539 1135 3606 polita
1296 3531 1339 3566 Ψ

432 3608 547 3665 Fnlmen
567 3617 636 3683 erat,
657 3619 720 3672 toto
740 3618 865 3676 Genitor
886 3635 966 3689 quae
984 3613 1120 3685 plurima
1137 3600 1225 3654 ‘W‘

422 3683 528 3745 Deficit
545 3688 577 3743 in
598 3693 701 3762 terras,
723 3711 797 3765 pars
816 3696 995 3768 inperfecta
1010 3680 1176 3744 manem·
