<?xml version="1.0" encoding="UTF-8"?>
<!DOCTYPE html PUBLIC "-//W3C//DTD XHTML 1.0 Transitional//EN"
    "http://www.w3.org/TR/xhtml1/DTD/xhtml1-transitional.dtd">
<html xmlns="http://www.w3.org/1999/xhtml" xml:lang="en" lang="en">
 <head>
  <title>
</title>
<meta http-equiv="Content-Type" content="text/html;charset=utf-8" />
  <meta name='ocr-system' content='tesseract 3.04.00' />
  <meta name='ocr-capabilities' content='ocr_page ocr_carea ocr_par ocr_line ocrx_word'/>
</head>
<body>
  <div class='ocr_page' id='page_1' title='image "./publivergilimar02virggoog/publivergilimar02virggoog_0105.png"; bbox 0 0 3467 4367; ppageno 0'>
   <div class='ocr_carea' id='block_1_1' title="bbox 690 559 1276 644">
    <p class='ocr_par' dir='ltr' id='par_1_1' title="bbox 690 559 1276 644">
     <span class='ocr_line' id='line_1_1' title="bbox 690 559 1276 644; baseline 0.003 -5"><span class='ocrx_word' id='word_1_1' title='bbox 690 559 874 642; x_wconf 71' lang='lat' dir='ltr'><strong>anharnos</strong></span> <span class='ocrx_word' id='word_1_2' title='bbox 894 594 963 644; x_wconf 81' lang='lat' dir='ltr'><strong>nra.</strong></span> <span class='ocrx_word' id='word_1_3' title='bbox 984 594 1006 643; x_wconf 93' lang='lat'><strong>1.</strong></span> <span class='ocrx_word' id='word_1_4' title='bbox 1120 568 1124 574; x_wconf 78' lang='grc'><em>’</em></span> <span class='ocrx_word' id='word_1_5' title='bbox 1246 595 1276 641; x_wconf 75' lang='lat' dir='ltr'><strong>os</strong></span> 
     </span>
    </p>
   </div>
   <div class='ocr_carea' id='block_1_2' title="bbox 391 673 1277 3733">
    <p class='ocr_par' dir='ltr' id='par_1_2' title="bbox 420 673 1277 974">
     <span class='ocr_line' id='line_1_2' title="bbox 422 673 1132 742; baseline 0.007 -17"><span class='ocrx_word' id='word_1_6' title='bbox 422 673 552 728; x_wconf 82' lang='lat' dir='ltr'><strong>Partibus</strong></span> <span class='ocrx_word' id='word_1_7' title='bbox 570 673 708 742; x_wconf 75' lang='lat' dir='ltr'>aequabat</span> <span class='ocrx_word' id='word_1_8' title='bbox 725 673 812 741; x_wconf 89' lang='lat' dir='ltr'><strong>iustis,</strong></span> <span class='ocrx_word' id='word_1_9' title='bbox 830 676 879 727; x_wconf 86' lang='lat' dir='ltr'><strong>ant</strong></span> <span class='ocrx_word' id='word_1_10' title='bbox 898 678 972 727; x_wconf 88' lang='lat' dir='ltr'><strong>sorte</strong></span> <span class='ocrx_word' id='word_1_11' title='bbox 990 674 1132 730; x_wconf 84' lang='lat' dir='ltr'><strong>trahebat:</strong></span> 
     </span>
     <span class='ocr_line' id='line_1_3' title="bbox 421 750 1146 819; baseline 0.004 -17"><span class='ocrx_word' id='word_1_12' title='bbox 421 751 491 803; x_wconf 92' lang='lat' dir='ltr'><strong>Oum</strong></span> <span class='ocrx_word' id='word_1_13' title='bbox 510 751 601 805; x_wconf 92' lang='lat' dir='ltr'><strong>subito</strong></span> <span class='ocrx_word' id='word_1_14' title='bbox 620 752 729 805; x_wconf 81' lang='lat' dir='ltr'><strong>Aeneas</strong></span> <span class='ocrx_word' id='word_1_15' title='bbox 747 768 879 804; x_wconf 82' lang='lat' dir='ltr'><strong>concursu</strong></span> <span class='ocrx_word' id='word_1_16' title='bbox 897 750 1028 804; x_wconf 87' lang='lat' dir='ltr'><strong>accedere</strong></span> <span class='ocrx_word' id='word_1_17' title='bbox 1046 767 1146 819; x_wconf 82' lang='lat' dir='ltr'><strong>magno</strong></span> 
     </span>
     <span class='ocr_line' id='line_1_4' title="bbox 421 827 1277 896; baseline 0.002 -15"><span class='ocrx_word' id='word_1_18' title='bbox 421 828 536 883; x_wconf 86' lang='lat' dir='ltr'><strong>Anthea</strong></span> <span class='ocrx_word' id='word_1_19' title='bbox 547 830 764 896; x_wconf 77' lang='lat' dir='ltr'>Sergestumque</span> <span class='ocrx_word' id='word_1_20' title='bbox 775 827 852 881; x_wconf 89' lang='lat' dir='ltr'><strong>videt</strong></span> <span class='ocrx_word' id='word_1_21' title='bbox 864 828 1020 895; x_wconf 85' lang='lat' dir='ltr'><strong>fortemque</strong></span> <span class='ocrx_word' id='word_1_22' title='bbox 1034 827 1205 894; x_wconf 78' lang='lat' dir='ltr'><strong>Cloanthum,</strong></span> <span class='ocrx_word' id='word_1_23' title='bbox 1240 844 1277 883; x_wconf 79' lang='lat' dir='ltr'><strong>sm</strong></span> 
     </span>
     <span class='ocr_line' id='line_1_5' title="bbox 420 898 1228 974; baseline 0 -15"><span class='ocrx_word' id='word_1_24' title='bbox 420 906 643 973; x_wconf 82' lang='lat' dir='ltr'><strong>Teucrorumque</strong></span> <span class='ocrx_word' id='word_1_25' title='bbox 661 905 737 973; x_wconf 89' lang='lat' dir='ltr'><strong>alios,</strong></span> <span class='ocrx_word' id='word_1_26' title='bbox 754 908 815 958; x_wconf 90' lang='lat' dir='ltr'><strong>ater</strong></span> <span class='ocrx_word' id='word_1_27' title='bbox 832 921 903 973; x_wconf 88' lang='lat' dir='ltr'><strong>quos</strong></span> <span class='ocrx_word' id='word_1_28' title='bbox 921 922 1039 974; x_wconf 89' lang='lat' dir='ltr'><strong>aequore</strong></span> <span class='ocrx_word' id='word_1_29' title='bbox 1057 906 1139 959; x_wconf 92' lang='lat' dir='ltr'><strong>turbo</strong></span> <span class='ocrx_word' id='word_1_30' title='bbox 1224 898 1228 905; x_wconf 55' lang='lat'><strong>⁴</strong></span> 
     </span>
    </p>

    <p class='ocr_par' dir='ltr' id='par_1_3' title="bbox 391 980 1277 1587">
     <span class='ocr_line' id='line_1_6' title="bbox 391 980 1077 1051; baseline 0 -16"><span class='ocrx_word' id='word_1_31' title='bbox 391 1040 402 1050; x_wconf 82' lang='lat'><em>.</em></span> <span class='ocrx_word' id='word_1_32' title='bbox 420 982 582 1051; x_wconf 87' lang='lat' dir='ltr'><strong>Dispulerat</strong></span> <span class='ocrx_word' id='word_1_33' title='bbox 599 982 765 1051; x_wconf 81' lang='lat' dir='ltr'><strong>penitusque</strong></span> <span class='ocrx_word' id='word_1_34' title='bbox 782 980 850 1035; x_wconf 83' lang='lat' dir='ltr'><strong>elias</strong></span> <span class='ocrx_word' id='word_1_35' title='bbox 867 984 999 1034; x_wconf 88' lang='lat' dir='ltr'><strong>avexerat</strong></span> <span class='ocrx_word' id='word_1_36' title='bbox 1016 998 1077 1035; x_wconf 91' lang='lat' dir='ltr'><strong>oras</strong></span> 
     </span>
     <span class='ocr_line' id='line_1_7' title="bbox 420 1057 1137 1128; baseline -0.003 -15"><span class='ocrx_word' id='word_1_37' title='bbox 420 1059 564 1128; x_wconf 79' lang='lat' dir='ltr'><strong>Obstipuit</strong></span> <span class='ocrx_word' id='word_1_38' title='bbox 582 1058 662 1112; x_wconf 90' lang='lat' dir='ltr'><strong>simul</strong></span> <span class='ocrx_word' id='word_1_39' title='bbox 680 1059 740 1126; x_wconf 88' lang='lat' dir='ltr'><strong>ipse</strong></span> <span class='ocrx_word' id='word_1_40' title='bbox 757 1057 838 1110; x_wconf 89' lang='lat' dir='ltr'><strong>simul</strong></span> <span class='ocrx_word' id='word_1_41' title='bbox 856 1058 997 1126; x_wconf 87' lang='lat' dir='ltr'><strong>perculsus</strong></span> <span class='ocrx_word' id='word_1_42' title='bbox 1017 1057 1093 1113; x_wconf 85' lang='lat' dir='ltr'><strong>Acha</strong></span> <span class='ocrx_word' id='word_1_43' title='bbox 1124 1075 1137 1111; x_wconf 91' lang='lat' dir='ltr'><strong>s</strong></span> 
     </span>
     <span class='ocr_line' id='line_1_8' title="bbox 419 1132 1166 1204; baseline -0.001 -16"><span class='ocrx_word' id='word_1_44' title='bbox 419 1135 596 1204; x_wconf 87' lang='lat' dir='ltr'><strong>Laetitiaque</strong></span> <span class='ocrx_word' id='word_1_45' title='bbox 613 1138 760 1203; x_wconf 90' lang='lat' dir='ltr'><strong>metuquc;</strong></span> <span class='ocrx_word' id='word_1_46' title='bbox 781 1132 854 1187; x_wconf 86' lang='lat' dir='ltr'><strong>aridi</strong></span> <span class='ocrx_word' id='word_1_47' title='bbox 873 1133 1036 1201; x_wconf 82' lang='lat' dir='ltr'><strong>coniungere</strong></span> <span class='ocrx_word' id='word_1_48' title='bbox 1054 1133 1166 1188; x_wconf 85' lang='lat' dir='ltr'><strong>dextras</strong></span> 
     </span>
     <span class='ocr_line' id='line_1_9' title="bbox 420 1210 1277 1277; baseline -0.005 -11"><span class='ocrx_word' id='word_1_49' title='bbox 420 1211 583 1277; x_wconf 74' lang='lat' dir='ltr'><strong>Ardebant;</strong></span> <span class='ocrx_word' id='word_1_50' title='bbox 604 1210 655 1266; x_wconf 89' lang='lat' dir='ltr'><strong>sed</strong></span> <span class='ocrx_word' id='word_1_51' title='bbox 671 1228 717 1265; x_wconf 88' lang='lat' dir='ltr'><strong>res</strong></span> <span class='ocrx_word' id='word_1_52' title='bbox 736 1210 840 1264; x_wconf 85' lang='lat' dir='ltr'><strong>animos</strong></span> <span class='ocrx_word' id='word_1_53' title='bbox 858 1210 998 1277; x_wconf 81' lang='lat' dir='ltr'><strong>incognita</strong></span> <span class='ocrx_word' id='word_1_54' title='bbox 1015 1210 1117 1264; x_wconf 88' lang='lat' dir='ltr'><strong>turbat.</strong></span> <span class='ocrx_word' id='word_1_55' title='bbox 1240 1225 1277 1264; x_wconf 78' lang='lat' dir='ltr'><strong>arn</strong></span> 
     </span>
     <span class='ocr_line' id='line_1_10' title="bbox 420 1267 1142 1355; baseline -0.003 -14"><span class='ocrx_word' id='word_1_56' title='bbox 420 1267 611 1355; x_wconf 55' lang='lat' dir='ltr'><strong>Dissimulanti</strong></span> <span class='ocrx_word' id='word_1_57' title='bbox 628 1291 658 1341; x_wconf 91' lang='lat' dir='ltr'><strong>et</strong></span> <span class='ocrx_word' id='word_1_58' title='bbox 675 1287 748 1341; x_wconf 90' lang='lat' dir='ltr'><strong>nube</strong></span> <span class='ocrx_word' id='word_1_59' title='bbox 766 1303 832 1340; x_wconf 86' lang='lat' dir='ltr'><strong>cava</strong></span> <span class='ocrx_word' id='word_1_60' title='bbox 843 1268 1026 1355; x_wconf 66' lang='lat' dir='ltr'><strong>&#39;speculantur</strong></span> <span class='ocrx_word' id='word_1_61' title='bbox 1042 1286 1142 1354; x_wconf 89' lang='lat' dir='ltr'><strong>amicti,</strong></span> 
     </span>
     <span class='ocr_line' id='line_1_11' title="bbox 420 1364 1170 1434; baseline 0 -15"><span class='ocrx_word' id='word_1_62' title='bbox 420 1366 497 1430; x_wconf 86' lang='lat' dir='ltr'><strong>Quae</strong></span> <span class='ocrx_word' id='word_1_63' title='bbox 514 1366 625 1420; x_wconf 80' lang='lat' dir='ltr'><strong>fortuna</strong></span> <span class='ocrx_word' id='word_1_64' title='bbox 641 1366 718 1434; x_wconf 78' lang='lat' dir='ltr'><strong>viris,</strong></span> <span class='ocrx_word' id='word_1_65' title='bbox 733 1367 848 1419; x_wconf 85' lang='lat' dir='ltr'><strong>classem</strong></span> <span class='ocrx_word' id='word_1_66' title='bbox 866 1383 922 1434; x_wconf 89' lang='lat' dir='ltr'><strong>quo</strong></span> <span class='ocrx_word' id='word_1_67' title='bbox 939 1365 1020 1419; x_wconf 92' lang='lat' dir='ltr'><strong>litore</strong></span> <span class='ocrx_word' id='word_1_68' title='bbox 1037 1364 1170 1432; x_wconf 77' lang='lat' dir='ltr'><strong>linquant,</strong></span> 
     </span>
     <span class='ocr_line' id='line_1_12' title="bbox 420 1440 1158 1509; baseline 0 -15"><span class='ocrx_word' id='word_1_69' title='bbox 420 1441 494 1506; x_wconf 83' lang='lat' dir='ltr'><strong>Quid</strong></span> <span class='ocrx_word' id='word_1_70' title='bbox 511 1441 637 1509; x_wconf 81' lang='lat' dir='ltr'><strong>veniant3</strong></span> <span class='ocrx_word' id='word_1_71' title='bbox 655 1443 761 1497; x_wconf 89' lang='lat' dir='ltr'><strong>eunetis</strong></span> <span class='ocrx_word' id='word_1_72' title='bbox 772 1459 841 1501; x_wconf 68' lang='lat' dir='ltr'><strong>,nam</strong></span> <span class='ocrx_word' id='word_1_73' title='bbox 860 1442 924 1495; x_wconf 90' lang='lat' dir='ltr'><strong>lecti</strong></span> <span class='ocrx_word' id='word_1_74' title='bbox 942 1441 1056 1495; x_wconf 87' lang='lat' dir='ltr'><strong>navibus</strong></span> <span class='ocrx_word' id='word_1_75' title='bbox 1073 1440 1158 1508; x_wconf 88' lang='lat' dir='ltr'><strong>ibant,</strong></span> 
     </span>
     <span class='ocr_line' id='line_1_13' title="bbox 419 1518 1163 1587; baseline -0.001 -15"><span class='ocrx_word' id='word_1_76' title='bbox 419 1518 539 1574; x_wconf 87' lang='lat' dir='ltr'><strong>Orantes</strong></span> <span class='ocrx_word' id='word_1_77' title='bbox 555 1519 671 1586; x_wconf 84' lang='lat' dir='ltr'><strong>veniam,</strong></span> <span class='ocrx_word' id='word_1_78' title='bbox 689 1523 719 1574; x_wconf 90' lang='lat' dir='ltr'><strong>et</strong></span> <span class='ocrx_word' id='word_1_79' title='bbox 737 1519 870 1587; x_wconf 89' lang='lat' dir='ltr'><strong>templum</strong></span> <span class='ocrx_word' id='word_1_80' title='bbox 888 1519 1005 1573; x_wconf 89' lang='lat' dir='ltr'><strong>clamore</strong></span> <span class='ocrx_word' id='word_1_81' title='bbox 1023 1518 1163 1587; x_wconf 86' lang='lat' dir='ltr'><strong>petebant.</strong></span> 
     </span>
    </p>

    <p class='ocr_par' dir='ltr' id='par_1_4' title="bbox 416 1594 1275 3174">
     <span class='ocr_line' id='line_1_14' title="bbox 455 1594 1275 1665; baseline -0.002 -16"><span class='ocrx_word' id='word_1_82' title='bbox 455 1595 605 1665; x_wconf 83' lang='lat' dir='ltr'><strong>Postquam</strong></span> <span class='ocrx_word' id='word_1_83' title='bbox 617 1596 778 1664; x_wconf 84' lang='lat' dir='ltr'><strong>introgressi</strong></span> <span class='ocrx_word' id='word_1_84' title='bbox 791 1601 821 1649; x_wconf 87' lang='lat' dir='ltr'><strong>et</strong></span> <span class='ocrx_word' id='word_1_85' title='bbox 833 1612 925 1650; x_wconf 87' lang='lat' dir='ltr'><strong>coram</strong></span> <span class='ocrx_word' id='word_1_86' title='bbox 937 1596 1004 1650; x_wconf 90' lang='lat' dir='ltr'><strong>data</strong></span> <span class='ocrx_word' id='word_1_87' title='bbox 1015 1595 1093 1663; x_wconf 87' lang='lat' dir='ltr'><strong>copia</strong></span> <span class='ocrx_word' id='word_1_88' title='bbox 1104 1594 1187 1662; x_wconf 85' lang='lat' dir='ltr'><strong>fandi,</strong></span> <span class='ocrx_word' id='word_1_89' title='bbox 1239 1608 1275 1647; x_wconf 79' lang='lat' dir='ltr'><strong>sao</strong></span> 
     </span>
     <span class='ocr_line' id='line_1_15' title="bbox 418 1671 1138 1741; baseline -0.003 -15"><span class='ocrx_word' id='word_1_90' title='bbox 418 1671 566 1726; x_wconf 85' lang='lat' dir='ltr'><strong>Maxumus</strong></span> <span class='ocrx_word' id='word_1_91' title='bbox 585 1672 706 1726; x_wconf 88' lang='lat' dir='ltr'><strong>Ilioneus</strong></span> <span class='ocrx_word' id='word_1_92' title='bbox 724 1672 830 1741; x_wconf 90' lang='lat' dir='ltr'><strong>placido</strong></span> <span class='ocrx_word' id='word_1_93' title='bbox 849 1673 888 1726; x_wconf 91' lang='lat' dir='ltr'><strong>sic</strong></span> <span class='ocrx_word' id='word_1_94' title='bbox 906 1677 1016 1741; x_wconf 84' lang='lat' dir='ltr'><strong>pectore</strong></span> <span class='ocrx_word' id='word_1_95' title='bbox 1035 1671 1138 1741; x_wconf 86' lang='lat' dir='ltr'><strong>coepit:</strong></span> 
     </span>
     <span class='ocr_line' id='line_1_16' title="bbox 419 1746 1149 1817; baseline 0.001 -17"><span class='ocrx_word' id='word_1_96' title='bbox 419 1746 444 1800; x_wconf 95' lang='lat' dir='ltr'><strong>O</strong></span> <span class='ocrx_word' id='word_1_97' title='bbox 464 1748 578 1817; x_wconf 83' lang='lat' dir='ltr'><strong>Regina,</strong></span> <span class='ocrx_word' id='word_1_98' title='bbox 595 1765 693 1801; x_wconf 84' lang='lat' dir='ltr'><strong>novem</strong></span> <span class='ocrx_word' id='word_1_99' title='bbox 710 1750 754 1803; x_wconf 93' lang='lat' dir='ltr'><strong>cui</strong></span> <span class='ocrx_word' id='word_1_100' title='bbox 772 1749 890 1803; x_wconf 80' lang='lat' dir='ltr'><strong>madere</strong></span> <span class='ocrx_word' id='word_1_101' title='bbox 910 1749 1035 1817; x_wconf 90' lang='lat' dir='ltr'><strong>Iuppiter</strong></span> <span class='ocrx_word' id='word_1_102' title='bbox 1052 1748 1149 1801; x_wconf 89' lang='lat' dir='ltr'><strong>urbem</strong></span> 
     </span>
     <span class='ocr_line' id='line_1_17' title="bbox 419 1823 1077 1893; baseline 0.005 -17"><span class='ocrx_word' id='word_1_103' title='bbox 419 1823 588 1893; x_wconf 86' lang='lat' dir='ltr'><strong>Iustitiaque</strong></span> <span class='ocrx_word' id='word_1_104' title='bbox 607 1824 686 1879; x_wconf 87' lang='lat' dir='ltr'><strong>dedit</strong></span> <span class='ocrx_word' id='word_1_105' title='bbox 703 1826 795 1893; x_wconf 85' lang='lat' dir='ltr'><strong>gentis</strong></span> <span class='ocrx_word' id='word_1_106' title='bbox 812 1826 921 1879; x_wconf 86' lang='lat' dir='ltr'><strong>frenare</strong></span> <span class='ocrx_word' id='word_1_107' title='bbox 939 1825 1077 1893; x_wconf 89' lang='lat' dir='ltr'><strong>superbas,</strong></span> 
     </span>
     <span class='ocr_line' id='line_1_18' title="bbox 418 1900 1087 1970; baseline 0.003 -17"><span class='ocrx_word' id='word_1_108' title='bbox 418 1900 505 1954; x_wconf 75' lang='lat' dir='ltr'><strong>&#39;l&#39;roes</strong></span> <span class='ocrx_word' id='word_1_109' title='bbox 523 1904 552 1955; x_wconf 92' lang='lat' dir='ltr'><strong>te</strong></span> <span class='ocrx_word' id='word_1_110' title='bbox 569 1902 670 1969; x_wconf 85' lang='lat' dir='ltr'><strong>miseri,</strong></span> <span class='ocrx_word' id='word_1_111' title='bbox 690 1902 778 1956; x_wconf 87' lang='lat' dir='ltr'><strong>ventis</strong></span> <span class='ocrx_word' id='word_1_112' title='bbox 796 1903 883 1956; x_wconf 91' lang='lat' dir='ltr'><strong>maria</strong></span> <span class='ocrx_word' id='word_1_113' title='bbox 901 1902 992 1956; x_wconf 90' lang='lat' dir='ltr'><strong>omnia</strong></span> <span class='ocrx_word' id='word_1_114' title='bbox 1008 1902 1087 1970; x_wconf 88' lang='lat' dir='ltr'><strong>recti,</strong></span> 
     </span>
     <span class='ocr_line' id='line_1_19' title="bbox 419 1975 1274 2052; baseline 0.002 -22"><span class='ocrx_word' id='word_1_115' title='bbox 419 1975 546 2046; x_wconf 86' lang='lat' dir='ltr'><strong>Oramus,</strong></span> <span class='ocrx_word' id='word_1_116' title='bbox 564 1978 678 2046; x_wconf 89' lang='lat' dir='ltr'><strong>prohibe</strong></span> <span class='ocrx_word' id='word_1_117' title='bbox 696 1978 822 2032; x_wconf 83' lang='lat' dir='ltr'><strong>infandos</strong></span> <span class='ocrx_word' id='word_1_118' title='bbox 841 1996 857 2032; x_wconf 93' lang='lat' dir='ltr'><strong>a</strong></span> <span class='ocrx_word' id='word_1_119' title='bbox 875 1978 989 2032; x_wconf 88' lang='lat' dir='ltr'><strong>navibus</strong></span> <span class='ocrx_word' id='word_1_120' title='bbox 1006 1978 1085 2046; x_wconf 83' lang='lat' dir='ltr'><strong>ignis,</strong></span> <span class='ocrx_word' id='word_1_121' title='bbox 1168 2048 1171 2052; x_wconf 11' lang='grc' dir='ltr'>ἠ</span> <span class='ocrx_word' id='word_1_122' title='bbox 1238 1993 1274 2032; x_wconf 75' lang='lat' dir='ltr'><strong>aas</strong></span> 
     </span>
     <span class='ocr_line' id='line_1_20' title="bbox 418 2052 1168 2123; baseline 0 -16"><span class='ocrx_word' id='word_1_123' title='bbox 418 2052 506 2108; x_wconf 87' lang='lat' dir='ltr'><strong>Parce</strong></span> <span class='ocrx_word' id='word_1_124' title='bbox 523 2054 569 2123; x_wconf 88' lang='lat' dir='ltr'><strong>pio</strong></span> <span class='ocrx_word' id='word_1_125' title='bbox 587 2055 689 2122; x_wconf 86' lang='lat' dir='ltr'><strong>generi,</strong></span> <span class='ocrx_word' id='word_1_126' title='bbox 707 2058 737 2109; x_wconf 90' lang='lat' dir='ltr'><strong>et</strong></span> <span class='ocrx_word' id='word_1_127' title='bbox 753 2056 866 2123; x_wconf 89' lang='lat' dir='ltr'><strong>propius</strong></span> <span class='ocrx_word' id='word_1_128' title='bbox 884 2072 929 2109; x_wconf 87' lang='lat' dir='ltr'><strong>res</strong></span> <span class='ocrx_word' id='word_1_129' title='bbox 946 2054 1037 2123; x_wconf 84' lang='lat' dir='ltr'><strong>aspice</strong></span> <span class='ocrx_word' id='word_1_130' title='bbox 1054 2057 1168 2108; x_wconf 87' lang='lat' dir='ltr'><strong>nostras.</strong></span> 
     </span>
     <span class='ocr_line' id='line_1_21' title="bbox 417 2130 1123 2200; baseline -0.001 -17"><span class='ocrx_word' id='word_1_131' title='bbox 417 2130 483 2183; x_wconf 90' lang='lat' dir='ltr'><strong>Non</strong></span> <span class='ocrx_word' id='word_1_132' title='bbox 500 2148 550 2184; x_wconf 87' lang='lat' dir='ltr'><strong>nos</strong></span> <span class='ocrx_word' id='word_1_133' title='bbox 567 2135 617 2184; x_wconf 88' lang='lat' dir='ltr'><strong>aut</strong></span> <span class='ocrx_word' id='word_1_134' title='bbox 634 2131 708 2184; x_wconf 85' lang='lat' dir='ltr'><strong>ferro</strong></span> <span class='ocrx_word' id='word_1_135' title='bbox 727 2130 842 2199; x_wconf 86' lang='lat' dir='ltr'><strong>Libycos</strong></span> <span class='ocrx_word' id='word_1_136' title='bbox 860 2132 992 2200; x_wconf 89' lang='lat' dir='ltr'><strong>populare</strong></span> <span class='ocrx_word' id='word_1_137' title='bbox 1012 2130 1123 2183; x_wconf 85' lang='lat' dir='ltr'><strong>Penatis</strong></span> 
     </span>
     <span class='ocr_line' id='line_1_22' title="bbox 417 2205 1165 2276; baseline -0.003 -17"><span class='ocrx_word' id='word_1_138' title='bbox 417 2205 560 2275; x_wconf 87' lang='lat' dir='ltr'><strong>Venimus,</strong></span> <span class='ocrx_word' id='word_1_139' title='bbox 578 2209 626 2261; x_wconf 88' lang='lat' dir='ltr'><strong>aut</strong></span> <span class='ocrx_word' id='word_1_140' title='bbox 644 2212 737 2276; x_wconf 86' lang='lat' dir='ltr'><strong>reptas</strong></span> <span class='ocrx_word' id='word_1_141' title='bbox 755 2206 791 2260; x_wconf 91' lang='lat' dir='ltr'><strong>ad</strong></span> <span class='ocrx_word' id='word_1_142' title='bbox 809 2207 891 2260; x_wconf 89' lang='lat' dir='ltr'><strong>litora</strong></span> <span class='ocrx_word' id='word_1_143' title='bbox 908 2211 1016 2260; x_wconf 89' lang='lat' dir='ltr'><strong>vertere</strong></span> <span class='ocrx_word' id='word_1_144' title='bbox 1033 2205 1165 2274; x_wconf 64' lang='lat' dir='ltr'><strong>praedam</strong></span> 
     </span>
     <span class='ocr_line' id='line_1_23' title="bbox 416 2281 1119 2350; baseline -0.004 -14"><span class='ocrx_word' id='word_1_145' title='bbox 416 2282 481 2336; x_wconf 88' lang='lat' dir='ltr'><strong>Non</strong></span> <span class='ocrx_word' id='word_1_146' title='bbox 500 2300 533 2337; x_wconf 91' lang='lat' dir='ltr'><strong>ea</strong></span> <span class='ocrx_word' id='word_1_147' title='bbox 550 2284 591 2337; x_wconf 87' lang='lat' dir='ltr'><strong>ris</strong></span> <span class='ocrx_word' id='word_1_148' title='bbox 610 2283 706 2349; x_wconf 89' lang='lat' dir='ltr'><strong>animo,</strong></span> <span class='ocrx_word' id='word_1_149' title='bbox 724 2300 774 2336; x_wconf 90' lang='lat' dir='ltr'><strong>neo</strong></span> <span class='ocrx_word' id='word_1_150' title='bbox 791 2286 870 2337; x_wconf 88' lang='lat' dir='ltr'><strong>tanta</strong></span> <span class='ocrx_word' id='word_1_151' title='bbox 888 2281 1016 2350; x_wconf 89' lang='lat' dir='ltr'><strong>superbia</strong></span> <span class='ocrx_word' id='word_1_152' title='bbox 1033 2282 1119 2335; x_wconf 83' lang='lat' dir='ltr'><strong>victis.</strong></span> 
     </span>
     <span class='ocr_line' id='line_1_24' title="bbox 417 2354 1274 2431; baseline -0.001 -19"><span class='ocrx_word' id='word_1_153' title='bbox 417 2359 471 2413; x_wconf 82' lang='lat' dir='ltr'><strong>Est</strong></span> <span class='ocrx_word' id='word_1_154' title='bbox 488 2359 570 2426; x_wconf 91' lang='lat' dir='ltr'><strong>locus,</strong></span> <span class='ocrx_word' id='word_1_155' title='bbox 591 2356 851 2428; x_wconf 71' lang='lat' dir='ltr'><strong>HesperiamGraii</strong></span> <span class='ocrx_word' id='word_1_156' title='bbox 870 2357 1031 2431; x_wconf 85' lang='lat' dir='ltr'><strong>cognomine</strong></span> <span class='ocrx_word' id='word_1_157' title='bbox 1047 2354 1154 2423; x_wconf 75' lang='lat' dir='ltr'><strong>dicunt,</strong></span> <span class='ocrx_word' id='word_1_158' title='bbox 1238 2372 1274 2411; x_wconf 75' lang='lat' dir='ltr'><strong>mo</strong></span> 
     </span>
     <span class='ocr_line' id='line_1_25' title="bbox 417 2421 1209 2505; baseline -0.003 -16"><span class='ocrx_word' id='word_1_159' title='bbox 417 2436 505 2489; x_wconf 86' lang='lat' dir='ltr'><strong>&#39;Pena</strong></span> <span class='ocrx_word' id='word_1_160' title='bbox 522 2436 642 2505; x_wconf 89' lang='lat' dir='ltr'><strong>antiqua,</strong></span> <span class='ocrx_word' id='word_1_161' title='bbox 659 2438 757 2504; x_wconf 89' lang='lat' dir='ltr'><strong>potens</strong></span> <span class='ocrx_word' id='word_1_162' title='bbox 775 2430 864 2488; x_wconf 83' lang='lat' dir='ltr'><strong>armis¹</strong></span> <span class='ocrx_word' id='word_1_163' title='bbox 876 2437 961 2502; x_wconf 89' lang='lat' dir='ltr'><strong>atque</strong></span> <span class='ocrx_word' id='word_1_164' title='bbox 978 2432 1064 2496; x_wconf 83' lang='lat' dir='ltr'><strong>ubere</strong></span> <span class='ocrx_word' id='word_1_165' title='bbox 1081 2421 1209 2501; x_wconf 70' lang='lat' dir='ltr'><strong>glaebae}</strong></span> 
     </span>
     <span class='ocr_line' id='line_1_26' title="bbox 417 2510 1069 2577; baseline -0.005 -12"><span class='ocrx_word' id='word_1_166' title='bbox 417 2512 535 2566; x_wconf 88' lang='lat' dir='ltr'><strong>Oenotri</strong></span> <span class='ocrx_word' id='word_1_167' title='bbox 553 2513 661 2566; x_wconf 92' lang='lat' dir='ltr'><strong>coluere</strong></span> <span class='ocrx_word' id='word_1_168' title='bbox 679 2512 745 2577; x_wconf 83' lang='lat' dir='ltr'><strong>riri3</strong></span> <span class='ocrx_word' id='word_1_169' title='bbox 763 2528 836 2564; x_wconf 88' lang='lat' dir='ltr'><strong>aune</strong></span> <span class='ocrx_word' id='word_1_170' title='bbox 853 2511 932 2575; x_wconf 85' lang='lat' dir='ltr'><strong>fama,</strong></span> <span class='ocrx_word' id='word_1_171' title='bbox 951 2510 1069 2563; x_wconf 87' lang='lat' dir='ltr'><strong>minores</strong></span> 
     </span>
     <span class='ocr_line' id='line_1_27' title="bbox 417 2587 1064 2654; baseline -0.003 -13"><span class='ocrx_word' id='word_1_172' title='bbox 417 2588 530 2641; x_wconf 86' lang='lat' dir='ltr'><strong>ltaliam</strong></span> <span class='ocrx_word' id='word_1_173' title='bbox 549 2587 650 2642; x_wconf 85' lang='lat' dir='ltr'><strong>dixisse</strong></span> <span class='ocrx_word' id='word_1_174' title='bbox 669 2588 747 2641; x_wconf 88' lang='lat' dir='ltr'><strong>ducis</strong></span> <span class='ocrx_word' id='word_1_175' title='bbox 765 2588 801 2641; x_wconf 89' lang='lat' dir='ltr'><strong>de</strong></span> <span class='ocrx_word' id='word_1_176' title='bbox 819 2587 928 2640; x_wconf 89' lang='lat' dir='ltr'><strong>nomine</strong></span> <span class='ocrx_word' id='word_1_177' title='bbox 945 2589 1064 2654; x_wconf 86' lang='lat' dir='ltr'><strong>gentem.</strong></span> 
     </span>
     <span class='ocr_line' id='line_1_28' title="bbox 417 2663 669 2718; baseline 0.004 -1"><span class='ocrx_word' id='word_1_178' title='bbox 417 2663 475 2717; x_wconf 87' lang='lat' dir='ltr'><strong>Hic</strong></span> <span class='ocrx_word' id='word_1_179' title='bbox 493 2680 588 2718; x_wconf 73' lang='lat' dir='ltr'><strong>clusus</strong></span> <span class='ocrx_word' id='word_1_180' title='bbox 605 2664 669 2718; x_wconf 84' lang='lat' dir='ltr'><strong>fuit:</strong></span> 
     </span>
     <span class='ocr_line' id='line_1_29' title="bbox 417 2738 1274 2808; baseline 0.001 -15"><span class='ocrx_word' id='word_1_181' title='bbox 417 2739 488 2793; x_wconf 83' lang='lat' dir='ltr'><strong>Cum</strong></span> <span class='ocrx_word' id='word_1_182' title='bbox 507 2739 597 2793; x_wconf 87' lang='lat' dir='ltr'><strong>subito</strong></span> <span class='ocrx_word' id='word_1_183' title='bbox 616 2740 767 2808; x_wconf 82' lang='lat' dir='ltr'><strong>adsurgens</strong></span> <span class='ocrx_word' id='word_1_184' title='bbox 785 2739 871 2793; x_wconf 87' lang='lat' dir='ltr'><strong>ductu</strong></span> <span class='ocrx_word' id='word_1_185' title='bbox 887 2739 1028 2794; x_wconf 88' lang='lat' dir='ltr'><strong>nimbosus</strong></span> <span class='ocrx_word' id='word_1_186' title='bbox 1046 2738 1131 2792; x_wconf 92' lang='lat' dir='ltr'><strong>Orion</strong></span> <span class='ocrx_word' id='word_1_187' title='bbox 1237 2754 1274 2794; x_wconf 72' lang='lat'><strong>⁵3⁶</strong></span> 
     </span>
     <span class='ocr_line' id='line_1_30' title="bbox 417 2814 1209 2884; baseline 0 -15"><span class='ocrx_word' id='word_1_188' title='bbox 417 2815 454 2869; x_wconf 90' lang='lat' dir='ltr'><strong>ln</strong></span> <span class='ocrx_word' id='word_1_189' title='bbox 472 2816 543 2869; x_wconf 86' lang='lat' dir='ltr'><strong>rada</strong></span> <span class='ocrx_word' id='word_1_190' title='bbox 559 2832 639 2869; x_wconf 87' lang='lat' dir='ltr'><strong>caeca</strong></span> <span class='ocrx_word' id='word_1_191' title='bbox 656 2816 729 2883; x_wconf 88' lang='lat' dir='ltr'><strong>tulit,</strong></span> <span class='ocrx_word' id='word_1_192' title='bbox 746 2816 914 2884; x_wconf 84' lang='lat' dir='ltr'><strong>penitusque</strong></span> <span class='ocrx_word' id='word_1_193' title='bbox 931 2814 1091 2884; x_wconf 85' lang='lat' dir='ltr'><strong>procacibus</strong></span> <span class='ocrx_word' id='word_1_194' title='bbox 1109 2816 1209 2869; x_wconf 78' lang='lat' dir='ltr'><strong>austris</strong></span> 
     </span>
     <span class='ocr_line' id='line_1_31' title="bbox 417 2890 1195 2962; baseline 0 -18"><span class='ocrx_word' id='word_1_195' title='bbox 417 2892 528 2959; x_wconf 92' lang='lat' dir='ltr'><strong>Perque</strong></span> <span class='ocrx_word' id='word_1_196' title='bbox 546 2892 642 2959; x_wconf 88' lang='lat' dir='ltr'><strong>undas,</strong></span> <span class='ocrx_word' id='word_1_197' title='bbox 660 2893 808 2960; x_wconf 89' lang='lat' dir='ltr'><strong>superante</strong></span> <span class='ocrx_word' id='word_1_198' title='bbox 826 2891 894 2962; x_wconf 73' lang='lat' dir='ltr'><strong>salo²</strong></span> <span class='ocrx_word' id='word_1_199' title='bbox 909 2908 1013 2959; x_wconf 88' lang='lat' dir='ltr'><strong>perque</strong></span> <span class='ocrx_word' id='word_1_200' title='bbox 1031 2890 1108 2943; x_wconf 75' lang='lat' dir='ltr'><strong>invia·</strong></span> <span class='ocrx_word' id='word_1_201' title='bbox 1122 2892 1195 2944; x_wconf 85' lang='lat' dir='ltr'><strong>saxa&#39;</strong></span> 
     </span>
     <span class='ocr_line' id='line_1_32' title="bbox 417 2965 1100 3036; baseline -0.001 -16"><span class='ocrx_word' id='word_1_202' title='bbox 417 2965 556 3036; x_wconf 91' lang='lat' dir='ltr'><strong>Dispulit;</strong></span> <span class='ocrx_word' id='word_1_203' title='bbox 576 2967 630 3021; x_wconf 92' lang='lat' dir='ltr'><strong>huc</strong></span> <span class='ocrx_word' id='word_1_204' title='bbox 647 2968 726 3036; x_wconf 90' lang='lat' dir='ltr'><strong>pauci</strong></span> <span class='ocrx_word' id='word_1_205' title='bbox 743 2968 843 3021; x_wconf 85' lang='lat' dir='ltr'><strong>restris</strong></span> <span class='ocrx_word' id='word_1_206' title='bbox 861 2966 1021 3019; x_wconf 85' lang='lat' dir='ltr'><strong>adnavimus</strong></span> <span class='ocrx_word' id='word_1_207' title='bbox 1039 2967 1100 3019; x_wconf 91' lang='lat' dir='ltr'><strong>oris.</strong></span> 
     </span>
     <span class='ocr_line' id='line_1_33' title="bbox 417 3042 1275 3128; baseline 0.001 -32"><span class='ocrx_word' id='word_1_208' title='bbox 417 3043 501 3109; x_wconf 86' lang='lat' dir='ltr'><strong>Quod</strong></span> <span class='ocrx_word' id='word_1_209' title='bbox 518 3060 604 3111; x_wconf 86' lang='lat' dir='ltr'><strong>genus</strong></span> <span class='ocrx_word' id='word_1_210' title='bbox 622 3044 674 3097; x_wconf 92' lang='lat' dir='ltr'><strong>hoe</strong></span> <span class='ocrx_word' id='word_1_211' title='bbox 690 3043 847 3099; x_wconf 81' lang='lat' dir='ltr'><strong>hominuml</strong></span> <span class='ocrx_word' id='word_1_212' title='bbox 870 3059 975 3112; x_wconf 89' lang='lat' dir='ltr'><strong>quaeve</strong></span> <span class='ocrx_word' id='word_1_213' title='bbox 992 3042 1063 3095; x_wconf 92' lang='lat' dir='ltr'><strong>hunc</strong></span> <span class='ocrx_word' id='word_1_214' title='bbox 1080 3045 1138 3096; x_wconf 86' lang='lat' dir='ltr'><strong>tam</strong></span> <span class='ocrx_word' id='word_1_215' title='bbox 1157 3043 1275 3128; x_wconf 67' lang='lat' dir='ltr'><strong>barbara</strong></span> 
     </span>
     <span class='ocr_line' id='line_1_34' title="bbox 487 3136 1045 3174; baseline -0.002 -1"><span class='ocrx_word' id='word_1_216' title='bbox 487 3136 592 3174; x_wconf 90' lang='lat' dir='ltr'><strong>morem</strong></span> <span class='ocrx_word' id='word_1_217' title='bbox 1043 3155 1045 3159; x_wconf 29' lang='grc' dir='ltr'><strong><em>ι</em></strong></span> 
     </span>
    </p>

    <p class='ocr_par' dir='ltr' id='par_1_5' title="bbox 417 3195 1276 3493">
     <span class='ocr_line' id='line_1_35' title="bbox 418 3195 1276 3266; baseline 0 -17"><span class='ocrx_word' id='word_1_218' title='bbox 418 3196 563 3250; x_wconf 89' lang='lat' dir='ltr'><strong>Permittit</strong></span> <span class='ocrx_word' id='word_1_219' title='bbox 579 3196 686 3266; x_wconf 79' lang='lat' dir='ltr'><strong>patriai</strong></span> <span class='ocrx_word' id='word_1_220' title='bbox 707 3195 827 3264; x_wconf 81' lang='lat' dir='ltr'><strong>hospitio</strong></span> <span class='ocrx_word' id='word_1_221' title='bbox 843 3195 1021 3263; x_wconf 86' lang='lat' dir='ltr'><strong>prohibemur</strong></span> <span class='ocrx_word' id='word_1_222' title='bbox 1039 3213 1151 3263; x_wconf 87' lang='lat' dir='ltr'><strong>arenae;</strong></span> <span class='ocrx_word' id='word_1_223' title='bbox 1239 3211 1276 3249; x_wconf 74' lang='lat' dir='ltr'><strong>sao</strong></span> 
     </span>
     <span class='ocr_line' id='line_1_36' title="bbox 418 3271 1142 3346; baseline -0.001 -21"><span class='ocrx_word' id='word_1_224' title='bbox 418 3272 499 3326; x_wconf 89' lang='lat' dir='ltr'><strong>Bella</strong></span> <span class='ocrx_word' id='word_1_225' title='bbox 516 3273 597 3339; x_wconf 87' lang='lat' dir='ltr'><strong>cient,</strong></span> <span class='ocrx_word' id='word_1_226' title='bbox 616 3273 760 3346; x_wconf 65' lang='lat' dir='ltr'><strong>primaque</strong></span> <span class='ocrx_word' id='word_1_227' title='bbox 778 3275 875 3325; x_wconf 84' lang='lat' dir='ltr'><strong>vetant</strong></span> <span class='ocrx_word' id='word_1_228' title='bbox 893 3271 1042 3325; x_wconf 88' lang='lat' dir='ltr'><strong>consistere</strong></span> <span class='ocrx_word' id='word_1_229' title='bbox 1061 3276 1142 3326; x_wconf 84' lang='lat' dir='ltr'><strong>terra.</strong></span> 
     </span>
     <span class='ocr_line' id='line_1_37' title="bbox 417 3346 1152 3416; baseline -0.001 -15"><span class='ocrx_word' id='word_1_230' title='bbox 417 3347 448 3403; x_wconf 81' lang='lat' dir='ltr'><strong>Si</strong></span> <span class='ocrx_word' id='word_1_231' title='bbox 466 3363 554 3416; x_wconf 86' lang='lat' dir='ltr'><strong>genus</strong></span> <span class='ocrx_word' id='word_1_232' title='bbox 572 3348 720 3401; x_wconf 89' lang='lat' dir='ltr'><strong>humanum</strong></span> <span class='ocrx_word' id='word_1_233' title='bbox 738 3352 767 3401; x_wconf 91' lang='lat' dir='ltr'><strong>et</strong></span> <span class='ocrx_word' id='word_1_234' title='bbox 784 3346 912 3401; x_wconf 88' lang='lat' dir='ltr'><strong>mortalia</strong></span> <span class='ocrx_word' id='word_1_235' title='bbox 929 3346 1052 3400; x_wconf 85' lang='lat' dir='ltr'><strong>temnitis</strong></span> <span class='ocrx_word' id='word_1_236' title='bbox 1070 3364 1152 3412; x_wconf 81' lang='lat' dir='ltr'><strong>anna,</strong></span> 
     </span>
     <span class='ocr_line' id='line_1_38' title="bbox 418 3422 1182 3493; baseline -0.005 -15"><span class='ocrx_word' id='word_1_237' title='bbox 418 3425 461 3478; x_wconf 90' lang='lat' dir='ltr'><strong>At</strong></span> <span class='ocrx_word' id='word_1_238' title='bbox 479 3428 589 3493; x_wconf 87' lang='lat' dir='ltr'><strong>sperate</strong></span> <span class='ocrx_word' id='word_1_239' title='bbox 608 3424 681 3491; x_wconf 88' lang='lat' dir='ltr'><strong>deos,</strong></span> <span class='ocrx_word' id='word_1_240' title='bbox 699 3440 835 3478; x_wconf 87' lang='lat' dir='ltr'><strong>memores</strong></span> <span class='ocrx_word' id='word_1_241' title='bbox 852 3422 930 3478; x_wconf 85' lang='lat' dir='ltr'><strong>fandi</strong></span> <span class='ocrx_word' id='word_1_242' title='bbox 948 3426 1038 3493; x_wconf 84' lang='lat' dir='ltr'><strong>atque</strong></span> <span class='ocrx_word' id='word_1_243' title='bbox 1053 3422 1182 3476; x_wconf 72' lang='lat' dir='ltr'><strong>netandx.</strong></span> 
     </span>
    </p>

    <p class='ocr_par' dir='ltr' id='par_1_6' title="bbox 412 3500 1101 3574">
     <span class='ocr_line' id='line_1_39' title="bbox 412 3500 1101 3574; baseline 0 -21"><span class='ocrx_word' id='word_1_244' title='bbox 412 3502 478 3553; x_wconf 73' lang='lat' dir='ltr'><strong>Rex</strong></span> <span class='ocrx_word' id='word_1_245' title='bbox 493 3504 555 3552; x_wconf 83' lang='lat' dir='ltr'><strong>erat</strong></span> <span class='ocrx_word' id='word_1_246' title='bbox 571 3502 685 3554; x_wconf 84' lang='lat' dir='ltr'><strong>Aeneas</strong></span> <span class='ocrx_word' id='word_1_247' title='bbox 703 3500 791 3568; x_wconf 74' lang='lat' dir='ltr'><strong>nobis</strong></span> <span class='ocrx_word' id='word_1_248' title='bbox 811 3520 869 3574; x_wconf 90' lang='lat' dir='ltr'><strong>quo</strong></span> <span class='ocrx_word' id='word_1_249' title='bbox 887 3502 993 3558; x_wconf 87' lang='lat' dir='ltr'><strong>iustior</strong></span> <span class='ocrx_word' id='word_1_250' title='bbox 1012 3501 1101 3567; x_wconf 76' lang='lat' dir='ltr'><strong>alter,</strong></span> 
     </span>
    </p>

    <p class='ocr_par' dir='ltr' id='par_1_7' title="bbox 399 3573 1142 3638">
     <span class='ocr_line' id='line_1_40' title="bbox 399 3573 1142 3638; baseline 0.02 -16"><span class='ocrx_word' id='word_1_251' title='bbox 399 3573 465 3623; x_wconf 84' lang='lat' dir='ltr'><strong>Nec</strong></span> <span class='ocrx_word' id='word_1_252' title='bbox 476 3574 589 3638; x_wconf 83' lang='lat' dir='ltr'><strong>pietate</strong></span> <span class='ocrx_word' id='word_1_253' title='bbox 606 3576 663 3632; x_wconf 75' lang='lat' dir='ltr'><strong>tuit</strong></span> <span class='ocrx_word' id='word_1_254' title='bbox 681 3595 736 3635; x_wconf 91' lang='lat' dir='ltr'><strong>nec</strong></span> <span class='ocrx_word' id='word_1_255' title='bbox 755 3579 835 3637; x_wconf 88' lang='lat' dir='ltr'><strong>bello</strong></span> <span class='ocrx_word' id='word_1_256' title='bbox 853 3583 950 3638; x_wconf 83' lang='lat' dir='ltr'><strong>maior</strong></span> <span class='ocrx_word' id='word_1_257' title='bbox 971 3584 1007 3637; x_wconf 91' lang='lat' dir='ltr'><strong>et</strong></span> <span class='ocrx_word' id='word_1_258' title='bbox 1023 3577 1142 3637; x_wconf 69' lang='lat' dir='ltr'><strong>aruba.</strong></span> 
     </span>
    </p>

    <p class='ocr_par' dir='ltr' id='par_1_8' title="bbox 391 3643 1196 3733">
     <span class='ocr_line' id='line_1_41' title="bbox 391 3643 1196 3733; baseline 0.022 -38"><span class='ocrx_word' id='word_1_259' title='bbox 391 3643 481 3706; x_wconf 79' lang='lat' dir='ltr'><strong>Quem</strong></span> <span class='ocrx_word' id='word_1_260' title='bbox 500 3648 528 3701; x_wconf 85' lang='lat' dir='ltr'><strong>si</strong></span> <span class='ocrx_word' id='word_1_261' title='bbox 542 3648 607 3707; x_wconf 77' lang='lat' dir='ltr'><strong>aa</strong></span> <span class='ocrx_word' id='word_1_262' title='bbox 624 3654 722 3712; x_wconf 83' lang='lat' dir='ltr'><strong>rirum</strong></span> <span class='ocrx_word' id='word_1_263' title='bbox 744 3665 881 3733; x_wconf 80' lang='lat' dir='ltr'><strong>servant,</strong></span> <span class='ocrx_word' id='word_1_264' title='bbox 902 3662 933 3718; x_wconf 88' lang='lat' dir='ltr'><strong>si</strong></span> <span class='ocrx_word' id='word_1_265' title='bbox 949 3659 1094 3717; x_wconf 77' lang='lat' dir='ltr'><strong>rescitur</strong></span> <span class='ocrx_word' id='word_1_266' title='bbox 1112 3663 1196 3708; x_wconf 53' lang='lat' dir='ltr'><strong>arm</strong></span> 
     </span>
    </p>
   </div>
   <div class='ocr_carea' id='block_1_3' title="bbox 1295 3568 1342 3607">
    <p class='ocr_par' dir='ltr' id='par_1_9' title="bbox 1295 3568 1342 3607">
     <span class='ocr_line' id='line_1_42' title="bbox 1295 3568 1342 3607; baseline 0 -3"><span class='ocrx_word' id='word_1_267' title='bbox 1295 3568 1342 3607; x_wconf 55' lang='lat' dir='ltr'><strong>{Ab</strong></span> 
     </span>
    </p>
   </div>
   <div class='ocr_carea' id='block_1_4' title="bbox 0 0 1738 4367">
    <p class='ocr_par' dir='ltr' id='par_1_10' title="bbox 0 0 1738 4367">
     <span class='ocr_line' id='line_1_43' title="bbox 0 0 1738 4367; baseline 0 1"><span class='ocrx_word' id='word_1_268' title='bbox 0 0 1738 4367; x_wconf 95' lang='lat' dir='ltr'><strong> </strong></span> 
     </span>
    </p>
   </div>
  </div>
 </body>
</html>
