3467 4367
478 649 526 696 aa
706 646 736 693 P,
755 644 909 693 vnnurnr
926 610 1092 694 maraonis

481 726 650 782 Pendentem
669 725 786 794 scopulo,
805 724 1005 793 Furiarumque
1022 740 1070 779 ora
1087 729 1270 791 trementem

480 804 659 872 Secretusque
676 803 751 872 pios3
768 802 810 854 his
828 800 940 855 dantem
956 801 1016 855 iura
1033 801 1175 859 Catonem.
1291 812 1328 853 cro

481 880 560 934 Haec
579 881 652 933 inter
669 876 769 932 tumidi
786 878 842 931 late
859 877 943 929 maris
960 876 1019 930 ibat
1036 877 1133 948 imago,

479 955 580 1021 Aurea,
599 953 649 1007 sed
666 953 752 1005 fluctu
769 950 934 1020 spumabant
950 952 1059 1005 caerula
1075 969 1159 1020 cauo;

479 1030 516 1084 Et
533 1030 635 1083 circum
652 1030 766 1095 argento
783 1027 850 1081 clari
867 1025 1010 1095 delphines
1026 1026 1055 1081 in
1073 1028 1167 1083 orbem

479 1108 610 1173 Aequora
626 1103 776 1158 verrebant
792 1102 888 1156 caudis
905 1106 1067 1170 aestumque
1084 1104 1223 1159 secabant.

480 1180 514 1234 Iu
531 1180 622 1240 medio
640 1179 734 1233 classis
751 1181 866 1245 acutas
884 1178 968 1231 Actia
983 1177 1063 1246 bella,
1289 1193 1327 1234 stc

478 1256 599 1310 Cernere
617 1259 693 1320 erat;
717 1258 862 1322 totumque
880 1253 1014 1307 instructo
1032 1254 1124 1308 Marte
1140 1254 1250 1309 rideres

478 1332 598 1386 Nervere
616 1332 762 1397 Leucaten,
780 1345 902 1397 auroque
919 1329 1050 1397 effulgere
1067 1330 1175 1385 fluctis.

478 1407 553 1461 Hinc
572 1410 715 1476 Augustus
733 1422 817 1474 agens
835 1405 922 1459 Italos
939 1405 968 1458 in
985 1406 1089 1475 proelia
1106 1407 1207 1461 Cacsar

479 1483 548 1538 Cum
568 1484 696 1537 Patribus
715 1482 879 1551 Populoqua
898 1480 1048 1535 Penatibus
1065 1484 1095 1535 et
1111 1482 1217 1549 magnis
1234 1481 1293 1549 Dis,

478 1558 560 1614 Stans
572 1561 644 1613 celsa
654 1560 683 1612 in
694 1559 793 1628 puppi;
804 1557 926 1625 geminas
938 1557 981 1611 cui
993 1561 1118 1627 tempora
1130 1558 1254 1613 flammas
1288 1573 1327 1613 oso

479 1634 566 1689 Laeta
582 1640 702 1702 vomunt,
720 1635 895 1701 patriumque
912 1633 1035 1701 aperitur
1051 1634 1154 1688 vertice
1170 1634 1256 1690 sidus.

479 1710 562 1764 Parte
579 1712 632 1763 alia
649 1710 737 1763 ventis
755 1712 784 1763 et
801 1709 844 1762 dis
863 1708 989 1776 Agrippa
1005 1709 1131 1765 secundia

480 1787 592 1839 Arduus
609 1802 706 1853 agmen
724 1801 821 1853 agens;
837 1784 889 1851 cui,
909 1784 974 1838 bclli
990 1785 1095 1852 insigne
1113 1785 1271 1854 superbum,

480 1861 612 1931 Tempora
628 1860 717 1914 navali
734 1859 843 1927 fulgent
860 1862 980 1914 rostrata
996 1876 1101 1915 corona

480 1937 552 1991 Hinc
569 1953 619 2006 ope
637 1935 778 1988 barbarica
795 1935 930 2001 variisque
949 1935 1085 1989 Antonius
1103 1935 1192 2001 armis,
1289 1950 1327 1991 ess

480 2013 575 2068 Victor
591 2012 627 2066 ab
645 2013 770 2065 Aurorae
786 2010 893 2077 populis
910 2012 940 2063 ct
957 2010 1037 2064 litore
1054 2012 1145 2079 rubro,

479 2090 635 2157 Aegyptum
652 2088 771 2154 virisque
790 2086 911 2139 Orientis
928 2090 958 2141 et
974 2087 1072 2141 ultima
1089 2104 1181 2153 secum
1281 2133 1288 2138 .

479 2164 581 2217 Bactra
597 2164 687 2228 vehit3
706 2163 891 2231 sequiturque,
909 2162 1000 2216 nefas!
1019 2162 1158 2232 Aegyptia
1174 2163 1302 2219 coniunx.

478 2241 541 2293 Una
558 2256 650 2294 omnes
667 2255 754 2305 ruere,
772 2255 804 2291 ac
821 2241 911 2291 totum
929 2254 1055 2306 spumare
1072 2239 1207 2293 reductis¹

479 2316 642 2370 Convolsum
659 2316 741 2368 remis
759 2315 910 2382 rostrisque
929 2314 1096 2369 tridentibus
1113 2332 1225 2385 aequor.
1287 2331 1326 2371 oeo

480 2391 546 2445 Alta
563 2395 676 2459 petunt;
693 2390 790 2458 pelago
807 2389 904 2443 credas
922 2390 1016 2444 innare
1034 2391 1153 2445 revolsas

480 2466 618 2534 Cycladas,
636 2469 684 2518 aut
702 2465 802 2518 montis
819 2480 979 2518 concurrere
997 2465 1136 2520 montibus
1153 2466 1241 2523 altos:

478 2542 565 2595 'lanta
582 2542 652 2594 molo
668 2540 720 2594 viri
737 2540 845 2593 turritis
862 2540 999 2609 puppibus
1016 2542 1129 2597 instant.

479 2618 601 2684 stuppea
617 2617 727 2669 flamma
743 2632 825 2672 mauu
841 2616 960 2684 telisque
977 2616 1087 2671 volatile
1101 2618 1205 2672 ferrum

479 2693 635 2761 Spargitur:
654 2708 805 2745 arcanuia
823 2692 962 2759 Neptunia
978 2693 1063 2749 caede
1080 2694 1237 2751 rubescunt.
1288 2712 1326 2751 ωε

479 2768 585 2836 Regina
602 2768 629 2820 in
647 2767 744 2822 mediis
762 2767 851 2835 patrio
869 2770 949 2822 vocat
965 2769 1074 2835 agmina
1090 2769 1185 2825 sistro:

478 2844 602 2897 Necdum
620 2844 703 2898 etiam
720 2843 842 2912 geminos
859 2859 877 2896 a
893 2847 971 2912 tergo
988 2845 1100 2913 respicit
1116 2845 1218 2914 anguis.

478 2919 712 2988 Omnigcnumque
729 2919 813 2977 deum
829 2922 951 2973 monstra
968 2922 998 2973 et
1015 2919 1131 2976 latrator
1149 2921 1257 2976 Anubis

478 2995 580 3049 Contra
598 2995 758 3063 Neptunum
775 2997 805 3048 et
824 2995 961 3048 Venerem
979 2999 1129 3064 contraque
1146 2997 1300 3054 Minervam

477 3071 542 3124 'Pela
559 3074 663 3125 tenent.
699 3070 793 3133 Saevit
810 3070 902 3124 medio
919 3070 948 3123 in
965 3072 1115 3127 certamine
1133 3074 1244 3128 Mavors
1287 3091 1325 3131 roo

477 3147 605 3200 Caelatus
622 3147 702 3214 ferro,
720 3146 870 3214 tristesque
887 3162 921 3200 ex
939 3146 1052 3202 aethere
1069 3147 1168 3215 Dirae;

477 3223 514 3276 Et
531 3223 614 3275 scissa
630 3221 754 3290 gaudens
771 3221 848 3276 vadit
866 3220 1011 3276 Discordia
1027 3223 1105 3291 palla,

477 3297 564 3363 Quam
582 3314 644 3350 cum
662 3298 808 3365 sanguineo
826 3297 952 3365 sequitur
969 3298 1085 3354 Bellona
1101 3300 1216 3368 flagello.

385 3416 387 3421 .
477 3373 575 3427 Actius
592 3372 659 3426 baec
676 3389 791 3427 cernens
808 3389 902 3427 arcum
919 3374 1081 3429 intendebat
1099 3376 1200 3444 Apollo

466 3444 613 3519 De'supcr:
631 3449 720 3504 omnis
738 3465 771 3504 eo
788 3451 896 3504 terrore
910 3450 1057 3528 'Aegyptus
1074 3455 1105 3507 et
1121 3452 1194 3520 Indi,
1285 3467 1325 3510 tor

458 3525 559 3582 Omnis
580 3529 686 3601 Arabs,
706 3545 804 3586 omnes
821 3526 975 3584 vertebant
988 3531 1071 3596 terga
1083 3527 1193 3581 babaria.

441 3601 517 3673 19³2
539 3609 702 3667 ridebatur
719 3610 817 3669 ventis
836 3608 942 3679 regina
958 3605 1068 3663 uocatis
1231 3671 1239 3684 ἱ

435 3675 512 3742 Vela
530 3688 617 3763 dare,
638 3696 673 3752 et
694 3694 783 3753 laxos
800 3692 865 3750 iam
883 3690 1004 3760 iamque
1019 3682 1172 3739 'inmittere
1182 3674 1272 3727 tems.
