3467 4367
707 627 891 676 AENEIDOS
909 628 979 679 LIB.
998 630 1047 681 IV.
1260 636 1303 685 147

449 707 580 763 (laudens
598 710 628 760 et
644 705 748 775 pariter
766 705 839 760 facta
856 710 941 775 atquc
958 709 1060 762 inlecta
1078 712 1206 766 canebat:
1270 727 1307 768 loo

450 784 565 837 Venisse
585 783 706 848 Aenean,
724 781 839 835 Troiano
853 784 991 850 ,sangiune
1008 780 1124 855 cretum,

448 860 500 915 Cui
518 857 677 925 sepulchra
695 857 753 909 viro
772 858 903 926 dignetur
920 860 1034 930 iungere
1052 863 1139 930 Dido;

448 938 528 991 Nune
545 935 663 988 hiemem
681 933 753 987 inter
772 951 802 987 se
820 935 894 1003 luxu,
915 955 997 1007 quam
1014 939 1102 1007 longa,
1120 942 1212 996 fovere

448 1014 605 1083 Regnorum
624 1010 789 1064 inmemores
808 1014 939 1083 turpique
958 1015 1085 1084 cupidine
1102 1022 1203 1086 captos.

450 1091 526 1144 Haec
542 1087 645 1156 passim
664 1088 717 1142 dea
734 1089 816 1142 foeda
833 1091 923 1144 virum
943 1092 1072 1146 diffundit
1090 1094 1117 1145 in
1135 1111 1190 1148 ora.
1271 1106 1308 1151 19⁶

448 1166 578 1219 Protinus
595 1162 631 1216 ad
650 1181 744 1233 regem
763 1182 858 1220 cursus
877 1166 1027 1236 detorquet
1045 1169 1154 1238 Iarban,

448 1243 630 1311 Incenditque
649 1243 769 1296 animum
788 1242 870 1297 dictis
888 1248 973 1312 atque
990 1246 1183 1314 aggeratim.

483 1320 537 1373 llic
556 1320 712 1373 Hammone
730 1323 815 1389 satus,
829 1324 914 1390 rapta
933 1320 1128 1377 Garamantide
1147 1323 1281 1393 Nympha,

447 1396 561 1464 Templa
580 1396 638 1449 lovi
657 1400 768 1450 centum
787 1398 851 1451 latis
868 1398 989 1450 inmania
1006 1398 1105 1465 regaie,

447 1473 566 1527 Centum
584 1488 644 1524 aras
662 1471 761 1538 posuit,
780 1470 944 1539 vigilemque
963 1478 1117 1527 sacraverat
1136 1476 1235 1543 ignem,
1269 1489 1307 1530 noo

448 1548 582 1603 Excubiae
600 1547 691 1601 divom
709 1550 842 1614 aeternas,
862 1549 1055 1618 pecudumque
1073 1568 1169 1605 cruere

448 1624 553 1693 Pingue
570 1625 657 1678 solum
676 1628 705 1677 et
723 1624 805 1677 variis
822 1624 951 1694 florentia
969 1626 1063 1680 limina
1082 1629 1182 1694 sertis„
1313 1631 1325 1652 '

448 1703 532 1771 Isque
549 1717 643 1754 amens
661 1699 744 1753 animi
763 1704 792 1753 et
809 1718 919 1755 rumore
937 1719 1067 1757 accensus
1085 1720 1177 1758 anraro

447 1781 554 1834 Dicitur
572 1782 637 1832 ante
655 1794 716 1831 aras
735 1778 826 1832 media
843 1778 916 1832 inter
935 1780 1045 1833 numina
1063 1782 1154 1835 divom

447 1857 538 1911 Multa
556 1858 649 1909 lovem
667 1854 793 1908 manibus
811 1856 927 1925 supplex
945 1874 1037 1911 orasse
1056 1859 1171 1927 supinis:
1269 1875 1306 1915 noo

448 1933 574 2002 Iuppiter
592 1932 771 2000 omnipotens,
791 1932 835 1986 cui
853 1950 927 1986 nune
946 1934 1086 1988 Maurusia
1103 1936 1183 2004 pictis

448 2010 522 2065 Gens
540 2008 650 2077 epulata
668 2010 736 2064 toris
755 2009 893 2064 Lenaeum
912 2012 981 2065 libat
998 2011 1136 2077 honorem,

448 2086 557 2155 Aspicis
574 2087 660 2141 hecel
681 2102 715 2139 an
734 2089 771 2153 te,
789 2086 904 2154 genitor,
923 2103 984 2139 cum
1003 2087 1117 2141 fulmina
1135 2092 1258 2157 torques,

447 2163 789 2232 Nequiquam-horremus,
809 2162 938 2230 caecique
956 2162 984 2215 in
1003 2162 1121 2215 nubibus
1138 2164 1216 2231 ignes

447 2239 608 2293 Terrifieaut
625 2240 729 2291 animos
747 2243 776 2291 et
793 2239 884 2291 inania
901 2254 1041 2291 murmura
1058 2239 1189 2295 miscent?
1269 2256 1306 2297 210

447 2315 568 2384 Femina,
579 2330 657 2384 quae
674 2316 775 2367 nostris
794 2330 888 2367 errans
906 2315 933 2367 in
953 2314 1052 2368 finibus
1069 2316 1166 2369 urbem

447 2392 581 2460 argonam
598 2392 689 2461 pretio
706 2392 805 2459 posuit,
823 2390 866 2444 eui
884 2391 950 2445 litus
967 2392 1100 2448 arandum

447 2467 552 2538 (hiique¹
568 2470 620 2523 loci
638 2469 713 2537 leges
732 2467 866 2535 dedimus,
886 2467 1020 2521 connubia
1036 2472 1131 2523 nostra

447 2545 580 2615 Reppulit
598 2563 629 2600 ac
648 2546 787 2600 dominum
807 2548 924 2599 Aenean
940 2546 968 2598 in
987 2562 1073 2613 regna
1089 2548 1203 2616 recepit.

447 2623 485 2677 Et
502 2640 572 2677 nune
590 2623 635 2676 ille
655 2622 732 2675 Paris
750 2640 811 2677 eum
830 2623 956 2676 semiviro
973 2624 1111 2689 comitatu,
1268 2637 1305 2678 215

446 2698 573 2753 Maeonia
589 2702 712 2753 mentum
731 2700 813 2753 mitra
831 2700 987 2767 crinemque
999 2699 1161 2753 madentem

447 2775 599 2843 subnexus,
617 2780 699 2843 rapto
717 2777 838 2844 potitur:
857 2792 907 2828 nos
924 2791 1038 2828 munera
1055 2775 1165 2843 templis

448 2852 555 2922 Quippe
573 2853 628 2906 tuis
645 2853 765 2919 ferimus,
786 2853 943 2921 famamque
960 2852 1083 2905 fovemus
1100 2852 1216 2905 inanem.

399 2983 404 2992 ,
451 2980 453 2985 ,
482 2928 592 2982 Talibus
609 2932 733 2982 orantem
756 2929 835 2983 dictis
854 2945 970 2998 arasque
988 2930 1129 2980 tenentem

448 3005 547 3058 Audiit
564 3006 741 3074 omnipotens,
763 3005 908 3073 oculosque
926 3004 963 3057 ad
981 3003 1087 3057 moenia
1104 3004 1186 3058 torsit
1267 3020 1305 3060 ano

448 3080 535 3149 Regia
552 3085 581 3135 et
598 3081 699 3136 oblitos
717 3082 806 3136 famae
825 3082 944 3139 melioris
962 3080 1086 3137 amantis.

447 3157 516 3210 Tum
534 3158 573 3212 sie
591 3158 757 3213 Mercurium
777 3160 937 3229 adloquitur
955 3175 987 3211 ae
1004 3157 1070 3211 talia
1087 3158 1213 3214 mandat:

447 3232 527 3287 Vade
544 3252 603 3304 age,
620 3241 692 3303 nate,
710 3254 776 3291 voca
795 3238 932 3306 Zephyros
950 3240 979 3290 ct
997 3232 1090 3287 labere
1107 3235 1211 3302 pennis,

448 3310 671 3383 Dardaniumque
689 3316 795 3384 ducem,
813 3315 893 3382 'lysia
912 3312 1083 3379 Karthagine
1101 3311 1148 3380 qui
1165 3326 1237 3364 nune

447 3387 605 3457 Exspectat,
622 3391 743 3466 fatisque
763 3392 842 3448 datas
860 3408 914 3444 non
932 3389 1044 3457 respicit
1061 3387 1151 3453 urbes,
1267 3400 1307 3438 are

449 3466 608 3536 Adloquere
626 3471 655 3520 et
673 3467 769 3522 celeris
787 3468 866 3524 defer
882 3484 948 3523 mea
965 3466 1046 3521 dieta
1059 3480 1112 3533 per
1130 3476 1228 3514 auras.
1254 3502 1256 3505 Α

441 3541 504 3595 Non
520 3544 598 3598 illum
616 3544 698 3600 nobis
714 3548 852 3618 genetrix
868 3546 1072 3622 pulcherrirna
1085 3539 1185 3623 talem

430 3616 564 3675 Promisit
583 3622 764 3696 Graiumque
781 3628 852 3684 ideo
868 3628 922 3685 bis
937 3624 1079 3684 uindicat
1095 3617 1214 3671 «ΜΝ

419 3690 479 3744 Sed
496 3695 566 3765 fore,
588 3701 640 3772 qui
661 3706 830 3775 gravidam
845 3707 980 3780 inperiis
994 3700 1152 3763 belloque
1167 3668 1369 3739 mmmmm
