3467 4367
693 642 876 692 AENEIDOS
892 642 961 692 LIB.
979 642 1030 692 VI.
1237 642 1296 720 203¹

436 726 522 778 baete
539 723 622 777 deum
637 725 727 791 partu,
744 726 853 776 centum
871 723 1003 792 conplexa
1019 725 1141 792 nepotes,

436 800 530 853 Omnis
547 799 695 865 caelicolas,
714 798 800 851 omnis
818 814 917 866 supera
933 800 990 854 alta
1007 799 1134 854 tenentis.

436 876 499 930 Huc
515 876 637 943 geminas
654 891 726 929 nunc
743 874 822 929 flecte
840 876 918 943 acies,
936 875 1006 930 hanc
1023 877 1114 944 aspice
1130 878 1242 943 gentem

435 951 627 1020 Romanosque
645 955 714 1005 tuos.
750 951 805 1004 Hic
823 950 925 1029 Caesar
941 956 971 1006 et
988 952 1075 1006 omnis
1094 951 1147 1005 luli

435 1028 590 1095 Progenies,
607 1043 734 1095 magnum
751 1027 819 1081 caeli
836 1030 953 1081 ventura
970 1027 1020 1081 sub
1038 1044 1125 1081 axem.
1249 1037 1286 1081 rso

435 1102 491 1158 Hic
508 1103 556 1170 vir,
574 1102 619 1157 hic
635 1102 686 1171 est,
703 1103 755 1158 tibi
773 1119 856 1172 quem
873 1104 997 1172 promitti
1015 1104 1122 1172 saepius
1139 1103 1225 1171 audis,

436 1180 580 1248 Augustus
599 1180 707 1248 Caesar,
725 1178 788 1233 Diri
804 1196 898 1248 genus,
916 1196 999 1234 aurea
1016 1180 1114 1233 condet

435 1254 549 1309 Saecula
565 1255 613 1324 qui
630 1273 725 1311 rursus
743 1256 823 1311 Latio
840 1260 954 1323 regnata
971 1272 1104 1325 perarua

435 1330 553 1386 Saturno
571 1332 717 1401 quondam,
735 1335 864 1400 superet
883 1333 1062 1385 Garamantas
1079 1335 1108 1385 et
1127 1330 1212 1384 Indos

435 1407 562 1462 Proseret
579 1409 728 1476 inperium;
745 1409 816 1461 iacet
835 1410 915 1461 extra
933 1407 1024 1461 sidera
1040 1407 1130 1476 tellus,
1250 1420 1287 1463 sse

436 1483 522 1538 Extra
539 1484 602 1536 anni
620 1484 741 1551 solisque
758 1484 822 1551 vias,
839 1483 888 1540 ulu'
905 1484 1015 1537 caelifer
1034 1484 1115 1537 Atlas

436 1560 526 1614 Axem
544 1559 658 1612 humero
674 1562 788 1627 torquet
805 1559 892 1613 stellis
910 1559 1070 1613 ardentibus
1087 1562 1189 1628 aptum.

435 1635 526 1688 Huius
543 1636 571 1688 in
589 1634 737 1689 adventum
755 1635 810 1688 iam
827 1651 900 1689 nunc
918 1639 947 1690 et
965 1636 1063 1705 Caspia
1080 1652 1165 1703 regna

435 1709 584 1779 Responsis
600 1711 715 1766 horrent
731 1710 823 1765 divom
840 1714 871 1766 et
889 1712 1009 1766 Maeotia
1026 1713 1115 1779 tellus,

436 1787 473 1841 lit
490 1788 697 1857 septemgemini
714 1787 830 1846 turbant
847 1788 958 1859 trepida
975 1789 1045 1842 ostia
1062 1788 1127 1843 Nili.
1249 1801 1287 1840 eoo

436 1861 494 1917 Nec
512 1879 576 1917 vero
596 1865 708 1919 Alcides
726 1867 834 1919 tantum
851 1865 959 1919 telluris
977 1865 1068 1932 obivit,

437 1938 543 1994 Fixerit
561 1941 717 2009 aeripedem
735 1958 843 1995 cervam
860 1942 932 2008 licet,
951 1945 999 1994 aut
1018 1941 1177 2010 Erymanthi

437 2014 545 2069 Pacarit
561 2014 680 2083 nemora,
699 2019 728 2071 et
746 2017 863 2071 Lernam
882 2017 1068 2071 tremefecerit
1086 2034 1164 2081 arcu;

436 2090 502 2157 Nec,
521 2090 568 2159 qui
585 2092 735 2159 pampineis
753 2094 840 2146 victor
857 2092 922 2159 iuga
939 2092 1027 2145 flectit
1044 2092 1165 2158 habenis,

437 2165 528 2233 Liber,
545 2182 630 2233 agens
647 2166 719 2219 celso
738 2167 828 2235 Nysae
846 2165 882 2220 de
900 2166 1003 2221 vertice
1022 2166 1107 2233 tigris.
1195 2196 1197 2200 ·
1251 2180 1288 2221 sos

437 2242 474 2294 Et
492 2240 649 2294 dubitamus
666 2240 755 2295 adhuc
772 2242 904 2295 virtutem
922 2241 1072 2294 extendere
1090 2241 1178 2308 factis,
1304 2280 1323 2293 ..

438 2318 498 2369 Aut
515 2318 604 2367 metus
624 2315 746 2369 Ausonia
762 2315 891 2382 prohihet
908 2317 1057 2370 consistere
1073 2318 1183 2371 terral-
1202 2306 1287 2402 ’[[ῐᾉιι

437 2391 505 2455 Quis
522 2390 614 2457 procul
632 2389 679 2444 ille
696 2394 789 2445 autem
806 2392 890 2445 ramis
907 2391 1020 2460 insignis
1037 2382 1180 2446 olivae*
1188 2413 1208 2462 s

437 2466 520 2520 Sacra
537 2466 645 2522 feronsl
664 2468 690 2522 N
692 2484 754 2521 osco
771 2468 854 2522 crinis
872 2468 1022 2538 incanaque
1040 2471 1134 2523 menta

437 2542 522 2611 Regis
541 2543 664 2612 Romani,
682 2544 798 2613 primam
816 2545 863 2614 qui
881 2544 987 2614 legibus
1004 2545 1100 2600 urbem
1253 2560 1290 2599 sss

437 2619 584 2686 sundabit,
603 2620 720 2675 Curibus
737 2622 829 2690 parvis
846 2625 876 2676 et
893 2638 1014 2692 paupere
1031 2627 1107 2678 terra
1329 2623 1334 2636 ⁸

436 2696 538 2750 Missus
555 2696 583 2750 in
600 2696 734 2765 inperium
751 2714 887 2765 magnum.
923 2698 973 2753 (lui
991 2699 1091 2753 deinde
1109 2697 1221 2767 subibit,

436 2773 502 2827 Otia
519 2774 566 2843 qui
585 2778 694 2842 rumpet
711 2775 816 2841 patriae
833 2775 992 2843 residesque
1009 2774 1130 2829 movebit

436 2850 531 2904 'Pullus
548 2850 576 2903 in
595 2867 670 2904 arma
686 2850 757 2905 viros
774 2854 804 2905 et
820 2851 875 2904 iam
893 2851 1007 2905 desueta
1024 2850 1170 2919 triumphis

437 2928 564 2995 Agmina
602 2927 689 2993 Quem
707 2927 784 2981 iuxta
802 2927 927 2995 sequitur
943 2928 1089 2982 iactantior
1107 2929 1209 2993 Ancus,
1253 2940 1290 2981 sis

437 3002 516 3059 Nunc
534 3020 642 3073 quoque
659 3004 714 3057 iam
732 3002 845 3056 nimium
865 3002 988 3070 gaudens
1009 3002 1186 3072 popularibus
1207 3001 1287 3055 auris.

437 3081 488 3135 Vis
505 3084 534 3134 et
552 3080 714 3148 Tarquinios
731 3094 818 3146 reges,
836 3079 1010 3147 animamque
1029 3079 1174 3147 superbam

437 3156 542 3210 Ultoris
561 3156 650 3223 Bruti,
667 3156 809 3222 fascesque
827 3153 921 3207 videre
940 3156 1082 3224 receptos?

438 3230 562 3285 Consulis
579 3231 714 3301 inperium
732 3230 777 3283 hic
793 3229 898 3298 primus
916 3244 1063 3299 saevasque
1082 3246 1190 3284 secures

440 3307 571 3374 Accipiet,
588 3311 720 3375 natosque
737 3309 818 3376 pater
835 3322 905 3360 nova
922 3305 993 3361 bella
1011 3306 1144 3360 moventis
1253 3318 1290 3358 sss

440 3381 485 3435 Ad
502 3398 618 3449 poenam
634 3383 748 3450 pulchra
765 3398 814 3450 pro
831 3381 961 3437 libertete
979 3382 1094 3448 vocabit,

439 3457 552 3511 Infelix!
572 3453 729 3526 Utcumque
746 3458 836 3512 ferent
854 3475 888 3512 ea
904 3460 980 3515 facta
995 3460 1129 3524 minores,

439 3532 536 3585 Vincet
552 3550 631 3586 amor
647 3534 754 3601 patriae
771 3533 950 3608 laudumque
965 3536 1104 3591 inmense.
1118 3528 1250 3605 cumbe·-

428 3608 498 3670 Quin
516 3608 619 3663 Decios
639 3611 811 3685 Drusosque
828 3616 935 3686 procul
953 3620 1142 3676 sacrumque
1157 3608 1265 3682 sessim
1337 3654 1370 3693 m,

414 3682 522 3748 Aspim
541 3684 726 3756 Torquatum
746 3695 779 3749 et
798 3694 995 3749 referentem
1009 3690 1104 3755 signa
1120 3666 1305 3731 Qmffiffi'
