3467 4367
690 636 875 686 AENEIDOS
892 637 961 688 LIB.
979 637 1031 687 XI.
1225 640 1270 691 ³07

421 720 565 787 Sanguinis
582 720 628 776 ille
646 737 757 776 remens
775 719 847 771 rivos
864 719 947 787 cadit,
965 723 1050 788 atque
1067 724 1207 775 cruentam

422 796 530 850 blandit
547 796 667 866 humum,
686 797 859 863 moriensque
878 812 926 848 suo
945 812 975 849 se
993 795 1021 848 in
1040 796 1150 852 volnere
1173 802 1272 852 versat.

422 876 490 928 'lum
502 875 595 941 Lirim,
608 875 798 942 Pagasumque
810 890 907 941 super3
920 889 1034 941 quorum
1047 876 1117 929 alter
1128 876 1247 930 habenas

422 952 541 1005 Suffosso'
558 953 698 1005 revolutus
716 968 786 1019 equo
805 951 871 1003 dum
889 951 999 1018 colligit,
1018 952 1088 1006 alter
1238 966 1272 1007 err

423 1030 495 1082 Dum
515 1028 588 1082 subit
606 1047 638 1083 ac
656 1030 783 1083 dextram
800 1029 905 1082 labenti
923 1030 1013 1084 tendit
1031 1030 1169 1097 inermem,

424 1107 591 1174 Praecipites
608 1111 766 1177 pariterque
784 1112 874 1161 ruunt.
911 1107 963 1161 His
981 1110 1060 1161 addit
1079 1111 1239 1161 Amastrum

424 1185 610 1253 Hippotaden,
629 1187 808 1254 sequiturque
825 1186 984 1239 incumbens
1003 1188 1107 1239 eminus
1125 1186 1205 1237 basta

423 1260 564 1329 Tereaque
583 1262 822 1331 Harpalycumque
845 1265 874 1316 et
897 1262 1105 1329 Demophoonta
1124 1259 1274 1315 Ohromim-

492 1355 565 1405 que;
1239 1348 1276 1389 crs

424 1414 551 1481 Quotque
570 1416 669 1467 emissa
686 1431 769 1466 manu
786 1415 920 1467 contorsit
938 1414 1041 1481 spicula
1058 1414 1141 1480 virgo,

424 1490 476 1541 'lot
495 1489 606 1556 Phrygii
624 1490 747 1542 cecidere
765 1489 825 1541 viri.
863 1489 962 1543 Procul
981 1489 1101 1556 Ornytus
1118 1488 1202 1541 amnis

426 1565 532 1631 Ignotis
550 1568 579 1617 et
597 1581 668 1631 equo
685 1568 799 1618 venator
817 1565 919 1633 Iapyge
937 1566 1032 1632 fertur,
1057 1561 1062 1570 '

426 1641 476 1693 Oui
494 1640 573 1708 pellis
590 1640 662 1694 latos
678 1640 806 1694 humeros
824 1646 920 1710 erepta
937 1642 1051 1696 iuvenco

427 1716 576 1784 Pugnatori
595 1717 691 1785 operit,
709 1720 791 1784 caput
808 1718 905 1785 ingens
922 1719 977 1771 oris
995 1718 1087 1772 hiatus
1239 1728 1277 1767 eso

427 1792 463 1846 Et
481 1793 568 1847 malae
586 1796 681 1847 texere
699 1793 756 1861 lupi
775 1810 836 1847 cum
854 1794 983 1849 dentibus
1001 1794 1078 1862 albis,

427 1870 609 1939 Agrestisque
626 1886 722 1923 manus
739 1873 828 1923 armat
846 1886 957 1940 sparus;
974 1871 1033 1939 ipse
1052 1870 1169 1925 catervis

426 1945 554 1999 Vertitur
570 1946 598 1999 in
617 1946 722 2013 mediis,
741 1951 770 2000 et
786 1950 845 1999 toto
863 1948 966 2001 vertice
985 1963 1067 2015 supra
1084 1951 1132 2001 est.

427 2016 510 2074 Hunc
527 2022 574 2074 illa
593 2026 747 2090 exceptum,
764 2021 853 2088 ne'que
872 2022 944 2075 enim
962 2023 1039 2075 labor
1061 2022 1170 2090 agmine
1190 2036 1277 2087 verse,

427 2097 544 2164 Traiicit,
563 2100 593 2150 et
610 2114 692 2165 super
709 2097 777 2149 haec
794 2098 903 2150 inimico
920 2102 1031 2166 pectore
1048 2097 1139 2152 latur:
1241 2111 1278 2149 nae

428 2173 507 2226 Silvis
525 2176 560 2238 te,
579 2172 724 2241 Tyrrhena,
742 2171 814 2225 feras
832 2174 938 2239 agitare
955 2174 1079 2241 putasti?

429 2249 551 2302 Advenit
569 2249 616 2317 qui
633 2251 726 2301 vestra
744 2247 803 2299 dies
820 2247 999 2301 muliebribus
1016 2249 1098 2302 armis

429 2324 522 2378 Verba
538 2324 719 2391 redarguerit.
755 2323 861 2376 Nomen
879 2326 971 2377 tamen
990 2324 1064 2377 haud
1086 2326 1146 2379 leve
1167 2327 1276 2393 patrum

429 2400 557 2454 Manibus
574 2401 625 2453 hoc
642 2400 753 2467 referes,
772 2399 828 2453 telo
845 2399 975 2454 cecidisse
994 2400 1130 2455 Camillae.

431 2475 557 2529 Protinus
574 2476 745 2529 Orsilochum
755 2480 791 2530 et
808 2476 908 2543 Buten,
925 2476 980 2529 duo
999 2493 1126 2529 maxuma
1145 2476 1279 2529 'leucrum

430 2551 568 2619 corporat
588 2553 636 2606 sed
655 2553 746 2606 Buten
764 2569 890 2605 aversum
908 2553 1021 2621 cuspide
1038 2552 1100 2606 fixit
1244 2564 1279 2602 om

431 2626 552 2679 Loricam
570 2628 731 2696 galeamque
748 2629 827 2694 inter,
846 2645 901 2696 qua
918 2629 986 2681 colla
1003 2629 1124 2682 sedentis

432 2702 544 2767 Lucent,
562 2706 591 2756 et
608 2704 685 2757 laevo
703 2704 842 2772 dependet
860 2721 954 2771 parma
972 2705 1091 2770 lacert0;

433 2776 611 2844 Orsilochum,
629 2778 736 2846 fugiens
753 2797 937 2847 magnumque
956 2781 1060 2846 agitata
1077 2797 1127 2848 per
1144 2778 1247 2847 orbem,

433 2851 527 2904 illudit
545 2869 611 2919 gyro
628 2853 750 2922 interior,
769 2855 948 2922 sequiturque
967 2858 1143 2922 sequentem
1246 2868 1282 2909 tat

433 2928 501 2981 Tum
519 2928 636 2981 validam
654 2946 759 2998 perque
777 2947 854 2981 arma
871 2931 928 2982 viro
946 2947 1050 2999 perque
1068 2947 1129 2984 ossa
1147 2931 1271 2997 securim,

434 3005 526 3059 Altior
543 3009 701 3072 exsurgens,
719 3005 807 3058 oranti
826 3009 855 3058 et
873 3007 960 3059 multa
977 3007 1099 3075 precanti

434 3081 627 3147 Congeminat3
644 3081 740 3134 volnus
758 3080 846 3134 calido
865 3081 938 3148 rigat
956 3098 1003 3135 ora
1021 3083 1140 3136 cerebro.

435 3158 536 3212 Incidit
553 3158 617 3211 huic
635 3158 781 3226 subitoque
798 3162 911 3224 aspectu
929 3158 1044 3212 territus
1061 3158 1151 3211 haesit

435 3235 668 3301 Appenninicolae
686 3234 803 3289 bellator
820 3234 893 3287 filius
912 3235 994 3302 Auni,
1247 3246 1285 3289 700

436 3309 519 3361 Haud
538 3310 669 3378 Ligurum
688 3315 836 3379 extremus,
855 3311 921 3364 dum
940 3311 1035 3364 fallere
1052 3310 1110 3364 lata
1127 3310 1261 3365 sinebant.

436 3384 526 3452 Isque,
545 3384 592 3438 ubi
610 3402 640 3439 se
657 3388 732 3441 nullo
749 3387 803 3440 iam
821 3405 903 3441 cursu
921 3387 1037 3442 evadere
1055 3403 1163 3455 pugnae

436 3459 519 3511 Posse
537 3476 626 3528 neque
641 3462 790 3516 instantem
809 3464 931 3530 reginam
949 3467 1075 3516 avertere
1092 3463 1197 3525 ceruit,

436 3535 555 3587 Consilio
572 3552 682 3591 versare
699 3537 778 3593 dolos
795 3539 943 3609 ingressus
961 3542 993 3593 et
1009 3541 1088 3602 astu,
1250 3594 1259 3606 ⁸
1332 3598 1347 3618 -.

427 3611 530 3676 Incipit
547 3611 631 3667 haec:
655 3615 732 3681 Quid
751 3621 815 3674 tam
837 3619 1002 3690 egregium,
1016 3614 1047 3667 si
1061 3606 1179 3662 ieschua
1192 3598 1275 3647 sem
1303 3599 1347 3696 §a

416 3683 497 3739 Fidis
516 3692 613 3756 equor
630 3691 764 3754 Dimitte
781 3697 901 3769 mgam,
922 3700 955 3753 a
972 3697 1010 3749 te
1027 3680 1205 3744 ,amamus
1220 3670 1311 3720 m*
