<?xml version="1.0" encoding="UTF-8"?>
<!DOCTYPE html PUBLIC "-//W3C//DTD XHTML 1.0 Transitional//EN"
    "http://www.w3.org/TR/xhtml1/DTD/xhtml1-transitional.dtd">
<html xmlns="http://www.w3.org/1999/xhtml" xml:lang="en" lang="en">
 <head>
  <title>
</title>
<meta http-equiv="Content-Type" content="text/html;charset=utf-8" />
  <meta name='ocr-system' content='tesseract 3.04.00' />
  <meta name='ocr-capabilities' content='ocr_page ocr_carea ocr_par ocr_line ocrx_word'/>
</head>
<body>
  <div class='ocr_page' id='page_1' title='image "./publivergilimar02virggoog/publivergilimar02virggoog_0014.png"; bbox 0 0 3467 4367; ppageno 0'>
   <div class='ocr_carea' id='block_1_1' title="bbox 474 621 1091 672">
    <p class='ocr_par' dir='ltr' id='par_1_1' title="bbox 474 621 1091 672">
     <span class='ocr_line' id='line_1_1' title="bbox 474 621 1091 672; baseline 0.003 -3"><span class='ocrx_word' id='word_1_1' title='bbox 474 627 487 669; x_wconf 77' lang='lat'>4</span> <span class='ocrx_word' id='word_1_2' title='bbox 700 625 730 672; x_wconf 80' lang='lat' dir='ltr'><strong>P.</strong></span> <span class='ocrx_word' id='word_1_3' title='bbox 749 621 902 671; x_wconf 83' lang='lat' dir='ltr'>VERGILI</span> <span class='ocrx_word' id='word_1_4' title='bbox 922 622 1091 671; x_wconf 84' lang='lat' dir='ltr'><strong>MARONIS</strong></span> 
     </span>
    </p>
   </div>
   <div class='ocr_carea' id='block_1_2' title="bbox 467 701 1332 1761">
    <p class='ocr_par' dir='ltr' id='par_1_2' title="bbox 471 701 1133 772">
     <span class='ocr_line' id='line_1_2' title="bbox 471 701 1133 772; baseline 0.006 -19"><span class='ocrx_word' id='word_1_5' title='bbox 471 701 495 753; x_wconf 89' lang='lat'>0</span> <span class='ocrx_word' id='word_1_6' title='bbox 515 703 632 756; x_wconf 80' lang='lat' dir='ltr'><strong>formose</strong></span> <span class='ocrx_word' id='word_1_7' title='bbox 648 720 725 772; x_wconf 87' lang='lat' dir='ltr'><strong>puer,</strong></span> <span class='ocrx_word' id='word_1_8' title='bbox 744 702 857 756; x_wconf 90' lang='lat' dir='ltr'><strong>nimium</strong></span> <span class='ocrx_word' id='word_1_9' title='bbox 880 718 915 755; x_wconf 91' lang='lat' dir='ltr'><strong>ne</strong></span> <span class='ocrx_word' id='word_1_10' title='bbox 932 702 1015 756; x_wconf 89' lang='lat' dir='ltr'><strong>crede</strong></span> <span class='ocrx_word' id='word_1_11' title='bbox 1033 703 1133 758; x_wconf 86' lang='lat' dir='ltr'><strong>colori!</strong></span> 
     </span>
    </p>

    <p class='ocr_par' dir='ltr' id='par_1_3' title="bbox 470 778 1332 1075">
     <span class='ocr_line' id='line_1_3' title="bbox 471 778 1193 848; baseline 0.003 -18"><span class='ocrx_word' id='word_1_12' title='bbox 471 778 546 831; x_wconf 90' lang='lat' dir='ltr'><strong>Alba</strong></span> <span class='ocrx_word' id='word_1_13' title='bbox 563 779 679 847; x_wconf 88' lang='lat' dir='ltr'><strong>ligustra</strong></span> <span class='ocrx_word' id='word_1_14' title='bbox 696 779 805 848; x_wconf 88' lang='lat' dir='ltr'><strong>cadunt,</strong></span> <span class='ocrx_word' id='word_1_15' title='bbox 823 778 942 832; x_wconf 78' lang='lat' dir='ltr'>vaccinia</span> <span class='ocrx_word' id='word_1_16' title='bbox 960 780 1038 847; x_wconf 88' lang='lat' dir='ltr'><strong>nigra</strong></span> <span class='ocrx_word' id='word_1_17' title='bbox 1055 779 1193 847; x_wconf 84' lang='lat' dir='ltr'><strong>leguntur,</strong></span> 
     </span>
     <span class='ocr_line' id='line_1_4' title="bbox 471 854 1247 923; baseline 0.004 -16"><span class='ocrx_word' id='word_1_18' title='bbox 471 854 624 923; x_wconf 81' lang='lat' dir='ltr'><strong>Despectus</strong></span> <span class='ocrx_word' id='word_1_19' title='bbox 642 856 693 910; x_wconf 88' lang='lat' dir='ltr'><strong>tibi</strong></span> <span class='ocrx_word' id='word_1_20' title='bbox 712 873 779 921; x_wconf 91' lang='lat' dir='ltr'><strong>sum,</strong></span> <span class='ocrx_word' id='word_1_21' title='bbox 797 872 854 923; x_wconf 88' lang='lat' dir='ltr'><strong>nee,</strong></span> <span class='ocrx_word' id='word_1_22' title='bbox 874 854 922 923; x_wconf 89' lang='lat' dir='ltr'><strong>qui</strong></span> <span class='ocrx_word' id='word_1_23' title='bbox 940 854 998 919; x_wconf 85' lang='lat' dir='ltr'><strong>sim,</strong></span> <span class='ocrx_word' id='word_1_24' title='bbox 1017 854 1134 922; x_wconf 87' lang='lat' dir='ltr'><strong>quaeris,</strong></span> <span class='ocrx_word' id='word_1_25' title='bbox 1155 855 1247 922; x_wconf 80' lang='lat' dir='ltr'>Alexi,</span> 
     </span>
     <span class='ocr_line' id='line_1_5' title="bbox 471 930 1332 1000; baseline 0.006 -17"><span class='ocrx_word' id='word_1_26' title='bbox 471 930 559 995; x_wconf 82' lang='lat' dir='ltr'><strong>Quam</strong></span> <span class='ocrx_word' id='word_1_27' title='bbox 577 931 654 985; x_wconf 85' lang='lat' dir='ltr'><strong>dives</strong></span> <span class='ocrx_word' id='word_1_28' title='bbox 671 932 784 1000; x_wconf 87' lang='lat' dir='ltr'><strong>pecoris,</strong></span> <span class='ocrx_word' id='word_1_29' title='bbox 802 931 875 985; x_wconf 86' lang='lat' dir='ltr'><strong>nivei</strong></span> <span class='ocrx_word' id='word_1_30' title='bbox 893 948 976 1000; x_wconf 90' lang='lat' dir='ltr'><strong>qnam</strong></span> <span class='ocrx_word' id='word_1_31' title='bbox 993 931 1072 984; x_wconf 87' lang='lat' dir='ltr'><strong>lactis</strong></span> <span class='ocrx_word' id='word_1_32' title='bbox 1091 930 1253 999; x_wconf 88' lang='lat' dir='ltr'><strong>abuudans;</strong></span> <span class='ocrx_word' id='word_1_33' title='bbox 1306 950 1332 988; x_wconf 83' lang='lat' dir='ltr'><strong>ao</strong></span> 
     </span>
     <span class='ocr_line' id='line_1_6' title="bbox 470 1006 1201 1075; baseline 0.004 -17"><span class='ocrx_word' id='word_1_34' title='bbox 470 1006 548 1060; x_wconf 90' lang='lat' dir='ltr'><strong>Mille</strong></span> <span class='ocrx_word' id='word_1_35' title='bbox 565 1024 643 1061; x_wconf 87' lang='lat' dir='ltr'><strong>meae</strong></span> <span class='ocrx_word' id='word_1_36' title='bbox 662 1008 759 1062; x_wconf 85' lang='lat' dir='ltr'><strong>Siculis</strong></span> <span class='ocrx_word' id='word_1_37' title='bbox 777 1011 872 1062; x_wconf 88' lang='lat' dir='ltr'><strong>errant</strong></span> <span class='ocrx_word' id='word_1_38' title='bbox 890 1007 917 1060; x_wconf 93' lang='lat' dir='ltr'><strong>in</strong></span> <span class='ocrx_word' id='word_1_39' title='bbox 936 1006 1077 1060; x_wconf 89' lang='lat' dir='ltr'><strong>montibus</strong></span> <span class='ocrx_word' id='word_1_40' title='bbox 1095 1024 1201 1075; x_wconf 81' lang='lat' dir='ltr'><strong>agnae3</strong></span> 
     </span>
    </p>

    <p class='ocr_par' dir='ltr' id='par_1_4' title="bbox 469 1082 1229 1304">
     <span class='ocr_line' id='line_1_7' title="bbox 470 1082 1218 1151; baseline 0.003 -16"><span class='ocrx_word' id='word_1_41' title='bbox 470 1082 525 1136; x_wconf 86' lang='lat' dir='ltr'><strong>Lac</strong></span> <span class='ocrx_word' id='word_1_42' title='bbox 542 1084 609 1136; x_wconf 93' lang='lat' dir='ltr'><strong>mihi</strong></span> <span class='ocrx_word' id='word_1_43' title='bbox 627 1100 681 1137; x_wconf 90' lang='lat' dir='ltr'><strong>non</strong></span> <span class='ocrx_word' id='word_1_44' title='bbox 698 1087 805 1139; x_wconf 75' lang='lat' dir='ltr'><strong>aestate</strong></span> <span class='ocrx_word' id='word_1_45' title='bbox 824 1100 931 1151; x_wconf 84' lang='lat' dir='ltr'><strong>novum,</strong></span> <span class='ocrx_word' id='word_1_46' title='bbox 950 1100 1004 1135; x_wconf 89' lang='lat' dir='ltr'><strong>non</strong></span> <span class='ocrx_word' id='word_1_47' title='bbox 1023 1083 1124 1151; x_wconf 82' lang='lat' dir='ltr'><strong>frigore</strong></span> <span class='ocrx_word' id='word_1_48' title='bbox 1143 1083 1218 1137; x_wconf 89' lang='lat' dir='ltr'><strong>defit.</strong></span> 
     </span>
     <span class='ocr_line' id='line_1_8' title="bbox 469 1158 1229 1228; baseline 0.001 -16"><span class='ocrx_word' id='word_1_49' title='bbox 469 1158 563 1225; x_wconf 84' lang='lat' dir='ltr'><strong>Canto,</strong></span> <span class='ocrx_word' id='word_1_50' title='bbox 582 1176 653 1227; x_wconf 89' lang='lat' dir='ltr'><strong>quae</strong></span> <span class='ocrx_word' id='word_1_51' title='bbox 671 1160 775 1228; x_wconf 87' lang='lat' dir='ltr'><strong>solitus,</strong></span> <span class='ocrx_word' id='word_1_52' title='bbox 793 1159 944 1227; x_wconf 90' lang='lat' dir='ltr'><strong>siquando</strong></span> <span class='ocrx_word' id='word_1_53' title='bbox 962 1163 1087 1212; x_wconf 89' lang='lat' dir='ltr'><strong>armenta</strong></span> <span class='ocrx_word' id='word_1_54' title='bbox 1106 1158 1229 1226; x_wconf 87' lang='lat' dir='ltr'><strong>vocabat,</strong></span> 
     </span>
     <span class='ocr_line' id='line_1_9' title="bbox 469 1235 1113 1304; baseline 0 -17"><span class='ocrx_word' id='word_1_55' title='bbox 469 1235 608 1304; x_wconf 80' lang='lat' dir='ltr'>Amphion</span> <span class='ocrx_word' id='word_1_56' title='bbox 628 1235 760 1290; x_wconf 81' lang='lat' dir='ltr'><strong>Dircaeus</strong></span> <span class='ocrx_word' id='word_1_57' title='bbox 777 1236 805 1290; x_wconf 92' lang='lat' dir='ltr'><strong>in</strong></span> <span class='ocrx_word' id='word_1_58' title='bbox 824 1236 929 1289; x_wconf 88' lang='lat' dir='ltr'><strong>Actaeo</strong></span> <span class='ocrx_word' id='word_1_59' title='bbox 949 1235 1113 1301; x_wconf 78' lang='lat' dir='ltr'><strong>Aracyntho.</strong></span> 
     </span>
    </p>

    <p class='ocr_par' dir='ltr' id='par_1_5' title="bbox 468 1309 1330 1532">
     <span class='ocr_line' id='line_1_10' title="bbox 468 1309 1330 1380; baseline 0.001 -17"><span class='ocrx_word' id='word_1_60' title='bbox 468 1309 527 1364; x_wconf 89' lang='lat' dir='ltr'><strong>Nec</strong></span> <span class='ocrx_word' id='word_1_61' title='bbox 545 1328 605 1364; x_wconf 87' lang='lat' dir='ltr'><strong>sum</strong></span> <span class='ocrx_word' id='word_1_62' title='bbox 623 1312 693 1365; x_wconf 90' lang='lat' dir='ltr'><strong>adeo</strong></span> <span class='ocrx_word' id='word_1_63' title='bbox 709 1311 849 1366; x_wconf 84' lang='lat' dir='ltr'><strong>informis:</strong></span> <span class='ocrx_word' id='word_1_64' title='bbox 869 1328 957 1380; x_wconf 88' lang='lat' dir='ltr'><strong>nuper</strong></span> <span class='ocrx_word' id='word_1_65' title='bbox 975 1327 1019 1364; x_wconf 89' lang='lat' dir='ltr'><strong>me</strong></span> <span class='ocrx_word' id='word_1_66' title='bbox 1037 1310 1065 1362; x_wconf 89' lang='lat' dir='ltr'><strong>in</strong></span> <span class='ocrx_word' id='word_1_67' title='bbox 1083 1310 1164 1363; x_wconf 89' lang='lat' dir='ltr'><strong>litore</strong></span> <span class='ocrx_word' id='word_1_68' title='bbox 1183 1311 1248 1376; x_wconf 89' lang='lat' dir='ltr'><strong>vidi,</strong></span> <span class='ocrx_word' id='word_1_69' title='bbox 1305 1329 1330 1369; x_wconf 80' lang='lat'><strong>25</strong></span> 
     </span>
     <span class='ocr_line' id='line_1_11' title="bbox 468 1386 1317 1456; baseline 0.002 -16"><span class='ocrx_word' id='word_1_70' title='bbox 468 1386 537 1440; x_wconf 82' lang='lat' dir='ltr'><strong>Gum</strong></span> <span class='ocrx_word' id='word_1_71' title='bbox 554 1387 692 1454; x_wconf 87' lang='lat' dir='ltr'><strong>placidum</strong></span> <span class='ocrx_word' id='word_1_72' title='bbox 709 1388 799 1442; x_wconf 82' lang='lat' dir='ltr'><strong>ventis</strong></span> <span class='ocrx_word' id='word_1_73' title='bbox 817 1390 905 1441; x_wconf 88' lang='lat' dir='ltr'><strong>staret</strong></span> <span class='ocrx_word' id='word_1_74' title='bbox 923 1403 1016 1453; x_wconf 80' lang='lat' dir='ltr'><strong>mare3</strong></span> <span class='ocrx_word' id='word_1_75' title='bbox 1034 1402 1088 1438; x_wconf 90' lang='lat' dir='ltr'><strong>non</strong></span> <span class='ocrx_word' id='word_1_76' title='bbox 1106 1403 1157 1454; x_wconf 91' lang='lat' dir='ltr'><strong>ego</strong></span> <span class='ocrx_word' id='word_1_77' title='bbox 1176 1386 1317 1456; x_wconf 85' lang='lat' dir='ltr'><strong>Daphnim</strong></span> 
     </span>
     <span class='ocr_line' id='line_1_12' title="bbox 468 1461 1170 1532; baseline 0.001 -18"><span class='ocrx_word' id='word_1_78' title='bbox 468 1462 564 1516; x_wconf 89' lang='lat' dir='ltr'><strong>Iudice</strong></span> <span class='ocrx_word' id='word_1_79' title='bbox 582 1466 612 1517; x_wconf 90' lang='lat' dir='ltr'><strong>te</strong></span> <span class='ocrx_word' id='word_1_80' title='bbox 628 1467 757 1532; x_wconf 88' lang='lat' dir='ltr'><strong>metuam,</strong></span> <span class='ocrx_word' id='word_1_81' title='bbox 775 1464 797 1516; x_wconf 91' lang='lat' dir='ltr'><strong>si</strong></span> <span class='ocrx_word' id='word_1_82' title='bbox 816 1479 965 1531; x_wconf 87' lang='lat' dir='ltr'><strong>numquam</strong></span> <span class='ocrx_word' id='word_1_83' title='bbox 983 1461 1054 1515; x_wconf 87' lang='lat' dir='ltr'><strong>fallit</strong></span> <span class='ocrx_word' id='word_1_84' title='bbox 1073 1461 1170 1530; x_wconf 89' lang='lat' dir='ltr'><strong>imago.</strong></span> 
     </span>
    </p>

    <p class='ocr_par' dir='ltr' id='par_1_6' title="bbox 467 1537 1132 1595">
     <span class='ocr_line' id='line_1_13' title="bbox 467 1537 1132 1595; baseline -0.005 0"><span class='ocrx_word' id='word_1_85' title='bbox 467 1537 492 1595; x_wconf 85' lang='lat'>0</span> <span class='ocrx_word' id='word_1_86' title='bbox 511 1541 618 1593; x_wconf 84' lang='lat' dir='ltr'><strong>tantum</strong></span> <span class='ocrx_word' id='word_1_87' title='bbox 635 1539 721 1593; x_wconf 91' lang='lat' dir='ltr'><strong>libeat</strong></span> <span class='ocrx_word' id='word_1_88' title='bbox 739 1556 845 1594; x_wconf 89' lang='lat' dir='ltr'><strong>mecum</strong></span> <span class='ocrx_word' id='word_1_89' title='bbox 863 1538 916 1592; x_wconf 91' lang='lat' dir='ltr'><strong>tibi</strong></span> <span class='ocrx_word' id='word_1_90' title='bbox 936 1537 1048 1591; x_wconf 83' lang='lat' dir='ltr'><strong>sordida</strong></span> <span class='ocrx_word' id='word_1_91' title='bbox 1066 1556 1132 1592; x_wconf 90' lang='lat' dir='ltr'><strong>rura</strong></span> 
     </span>
    </p>

    <p class='ocr_par' dir='ltr' id='par_1_7' title="bbox 468 1614 1329 1761">
     <span class='ocr_line' id='line_1_14' title="bbox 468 1614 1206 1685; baseline -0.001 -15"><span class='ocrx_word' id='word_1_92' title='bbox 468 1615 564 1685; x_wconf 83' lang='lat' dir='ltr'><strong>Atque</strong></span> <span class='ocrx_word' id='word_1_93' title='bbox 581 1615 690 1669; x_wconf 89' lang='lat' dir='ltr'><strong>humilis</strong></span> <span class='ocrx_word' id='word_1_94' title='bbox 708 1615 833 1669; x_wconf 89' lang='lat' dir='ltr'><strong>habitare</strong></span> <span class='ocrx_word' id='word_1_95' title='bbox 850 1631 935 1683; x_wconf 84' lang='lat' dir='ltr'><strong>casas,</strong></span> <span class='ocrx_word' id='word_1_96' title='bbox 954 1617 983 1668; x_wconf 89' lang='lat' dir='ltr'><strong>et</strong></span> <span class='ocrx_word' id='word_1_97' title='bbox 1001 1614 1086 1682; x_wconf 89' lang='lat' dir='ltr'><strong>figere</strong></span> <span class='ocrx_word' id='word_1_98' title='bbox 1105 1632 1206 1684; x_wconf 82' lang='lat' dir='ltr'><strong>cervos,</strong></span> 
     </span>
     <span class='ocr_line' id='line_1_15' title="bbox 468 1690 1329 1761; baseline 0.001 -16"><span class='ocrx_word' id='word_1_99' title='bbox 468 1691 683 1760; x_wconf 88' lang='lat' dir='ltr'><strong>Haedorumque</strong></span> <span class='ocrx_word' id='word_1_100' title='bbox 700 1709 812 1760; x_wconf 82' lang='lat' dir='ltr'><strong>gregem</strong></span> <span class='ocrx_word' id='word_1_101' title='bbox 830 1690 911 1745; x_wconf 86' lang='lat' dir='ltr'><strong>viridi</strong></span> <span class='ocrx_word' id='word_1_102' title='bbox 929 1691 1093 1761; x_wconf 91' lang='lat' dir='ltr'><strong>compellere</strong></span> <span class='ocrx_word' id='word_1_103' title='bbox 1111 1691 1233 1745; x_wconf 85' lang='lat' dir='ltr'><strong>hibisco!</strong></span> <span class='ocrx_word' id='word_1_104' title='bbox 1302 1707 1329 1746; x_wconf 83' lang='lat' dir='ltr'><strong>ao</strong></span> 
     </span>
    </p>
   </div>
   <div class='ocr_carea' id='block_1_3' title="bbox 396 1842 1355 3742">
    <p class='ocr_par' dir='ltr' id='par_1_8' title="bbox 396 1842 1259 2063">
     <span class='ocr_line' id='line_1_16' title="bbox 396 1842 1148 1911; baseline 0.001 -17"><span class='ocrx_word' id='word_1_105' title='bbox 396 1842 404 1858; x_wconf 82' lang='grc'><em>“</em></span> <span class='ocrx_word' id='word_1_106' title='bbox 467 1842 525 1895; x_wconf 91' lang='lat' dir='ltr'><strong>Pan</strong></span> <span class='ocrx_word' id='word_1_107' title='bbox 543 1843 646 1911; x_wconf 91' lang='lat' dir='ltr'><strong>primus</strong></span> <span class='ocrx_word' id='word_1_108' title='bbox 663 1844 780 1897; x_wconf 86' lang='lat' dir='ltr'><strong>calamos</strong></span> <span class='ocrx_word' id='word_1_109' title='bbox 796 1859 860 1897; x_wconf 84' lang='lat' dir='ltr'><strong>cera</strong></span> <span class='ocrx_word' id='word_1_110' title='bbox 878 1842 1044 1909; x_wconf 85' lang='lat' dir='ltr'><strong>coniungere</strong></span> <span class='ocrx_word' id='word_1_111' title='bbox 1062 1842 1148 1910; x_wconf 86' lang='lat' dir='ltr'><strong>pluris</strong></span> 
     </span>
     <span class='ocr_line' id='line_1_17' title="bbox 467 1918 1259 1987; baseline 0 -15"><span class='ocrx_word' id='word_1_112' title='bbox 467 1918 609 1984; x_wconf 76' lang='lat' dir='ltr'><strong>institnit,</strong></span> <span class='ocrx_word' id='word_1_113' title='bbox 628 1919 685 1973; x_wconf 90' lang='lat' dir='ltr'><strong>Pau</strong></span> <span class='ocrx_word' id='word_1_114' title='bbox 703 1920 858 1974; x_wconf 78' lang='lat' dir='ltr'><strong>curatoris</strong></span> <span class='ocrx_word' id='word_1_115' title='bbox 876 1918 1020 1985; x_wconf 86' lang='lat' dir='ltr'><strong>oviumque</strong></span> <span class='ocrx_word' id='word_1_116' title='bbox 1039 1918 1196 1987; x_wconf 87' lang='lat' dir='ltr'><strong>magistros.</strong></span> <span class='ocrx_word' id='word_1_117' title='bbox 1257 1979 1259 1983; x_wconf 21' lang='lat'><strong><em>¹</em></strong></span> 
     </span>
     <span class='ocr_line' id='line_1_18' title="bbox 465 1994 1142 2063; baseline 0.003 -15"><span class='ocrx_word' id='word_1_118' title='bbox 465 1994 570 2048; x_wconf 87' lang='lat' dir='ltr'><strong>Necte</strong></span> <span class='ocrx_word' id='word_1_119' title='bbox 588 1995 729 2063; x_wconf 91' lang='lat' dir='ltr'><strong>poeniteat</strong></span> <span class='ocrx_word' id='word_1_120' title='bbox 746 1995 849 2049; x_wconf 87' lang='lat' dir='ltr'><strong>calamo</strong></span> <span class='ocrx_word' id='word_1_121' title='bbox 867 1994 977 2049; x_wconf 85' lang='lat' dir='ltr'><strong>trivisse</strong></span> <span class='ocrx_word' id='word_1_122' title='bbox 996 1994 1142 2050; x_wconf 89' lang='lat' dir='ltr'><strong>labellum:</strong></span> 
     </span>
    </p>

    <p class='ocr_par' dir='ltr' id='par_1_9' title="bbox 409 2070 1355 3742">
     <span class='ocr_line' id='line_1_19' title="bbox 466 2070 1355 2140; baseline 0.006 -17"><span class='ocrx_word' id='word_1_123' title='bbox 466 2070 543 2124; x_wconf 91' lang='lat' dir='ltr'><strong>Haec</strong></span> <span class='ocrx_word' id='word_1_124' title='bbox 561 2070 658 2124; x_wconf 87' lang='lat' dir='ltr'><strong>eadem</strong></span> <span class='ocrx_word' id='word_1_125' title='bbox 675 2074 707 2125; x_wconf 88' lang='lat' dir='ltr'><strong>ut</strong></span> <span class='ocrx_word' id='word_1_126' title='bbox 725 2072 814 2138; x_wconf 87' lang='lat' dir='ltr'><strong>sciret,</strong></span> <span class='ocrx_word' id='word_1_127' title='bbox 832 2071 901 2139; x_wconf 89' lang='lat' dir='ltr'><strong>quid</strong></span> <span class='ocrx_word' id='word_1_128' title='bbox 919 2087 974 2138; x_wconf 86' lang='lat' dir='ltr'><strong>non</strong></span> <span class='ocrx_word' id='word_1_129' title='bbox 992 2070 1111 2126; x_wconf 79' lang='lat' dir='ltr'><strong>faciebat</strong></span> <span class='ocrx_word' id='word_1_130' title='bbox 1131 2074 1284 2140; x_wconf 89' lang='lat' dir='ltr'><strong>Amyntasl</strong></span> <span class='ocrx_word' id='word_1_131' title='bbox 1301 2088 1327 2127; x_wconf 82' lang='lat'><strong>35</strong></span> <span class='ocrx_word' id='word_1_132' title='bbox 1352 2090 1355 2099; x_wconf 94' lang='grc'><strong><em>·</em></strong></span> 
     </span>
     <span class='ocr_line' id='line_1_20' title="bbox 465 2146 1176 2216; baseline 0 -17"><span class='ocrx_word' id='word_1_133' title='bbox 465 2147 516 2201; x_wconf 81' lang='lat' dir='ltr'><strong>llst</strong></span> <span class='ocrx_word' id='word_1_134' title='bbox 532 2146 599 2200; x_wconf 90' lang='lat' dir='ltr'><strong>mihi</strong></span> <span class='ocrx_word' id='word_1_135' title='bbox 617 2146 772 2216; x_wconf 86' lang='lat' dir='ltr'><strong>disparibus</strong></span> <span class='ocrx_word' id='word_1_136' title='bbox 791 2150 898 2215; x_wconf 86' lang='lat' dir='ltr'><strong>septem</strong></span> <span class='ocrx_word' id='word_1_137' title='bbox 918 2150 1060 2215; x_wconf 85' lang='lat' dir='ltr'><strong>compacta</strong></span> <span class='ocrx_word' id='word_1_138' title='bbox 1080 2148 1176 2201; x_wconf 88' lang='lat' dir='ltr'><strong>cicutis</strong></span> 
     </span>
     <span class='ocr_line' id='line_1_21' title="bbox 466 2222 1215 2291; baseline 0 -16"><span class='ocrx_word' id='word_1_139' title='bbox 466 2222 579 2291; x_wconf 77' lang='lat' dir='ltr'><strong>Fistula,</strong></span> <span class='ocrx_word' id='word_1_140' title='bbox 598 2222 747 2277; x_wconf 88' lang='lat' dir='ltr'><strong>Damoetas</strong></span> <span class='ocrx_word' id='word_1_141' title='bbox 765 2223 837 2277; x_wconf 90' lang='lat' dir='ltr'><strong>dono</strong></span> <span class='ocrx_word' id='word_1_142' title='bbox 854 2223 921 2276; x_wconf 93' lang='lat' dir='ltr'><strong>mihi</strong></span> <span class='ocrx_word' id='word_1_143' title='bbox 941 2240 1024 2291; x_wconf 90' lang='lat' dir='ltr'><strong>quam</strong></span> <span class='ocrx_word' id='word_1_144' title='bbox 1044 2223 1124 2276; x_wconf 87' lang='lat' dir='ltr'><strong>dedit</strong></span> <span class='ocrx_word' id='word_1_145' title='bbox 1143 2223 1215 2291; x_wconf 91' lang='lat' dir='ltr'><strong>olim,</strong></span> 
     </span>
     <span class='ocr_line' id='line_1_22' title="bbox 465 2298 1244 2354; baseline 0.003 -3"><span class='ocrx_word' id='word_1_146' title='bbox 465 2298 502 2353; x_wconf 82' lang='lat' dir='ltr'><strong>llt</strong></span> <span class='ocrx_word' id='word_1_147' title='bbox 519 2298 591 2353; x_wconf 84' lang='lat' dir='ltr'><strong>dixit</strong></span> <span class='ocrx_word' id='word_1_148' title='bbox 608 2299 741 2354; x_wconf 89' lang='lat' dir='ltr'><strong>moriens:</strong></span> <span class='ocrx_word' id='word_1_149' title='bbox 760 2300 799 2353; x_wconf 73' lang='lat' dir='ltr'><strong>&#39;l&#39;e</strong></span> <span class='ocrx_word' id='word_1_150' title='bbox 817 2316 891 2353; x_wconf 90' lang='lat' dir='ltr'><strong>nune</strong></span> <span class='ocrx_word' id='word_1_151' title='bbox 909 2299 993 2353; x_wconf 90' lang='lat' dir='ltr'><strong>habet</strong></span> <span class='ocrx_word' id='word_1_152' title='bbox 1012 2300 1066 2353; x_wconf 90' lang='lat' dir='ltr'><strong>ista</strong></span> <span class='ocrx_word' id='word_1_153' title='bbox 1085 2298 1244 2353; x_wconf 90' lang='lat' dir='ltr'><strong>secundum.</strong></span> 
     </span>
     <span class='ocr_line' id='line_1_23' title="bbox 465 2374 1122 2444; baseline 0.002 -17"><span class='ocrx_word' id='word_1_154' title='bbox 465 2374 544 2428; x_wconf 79' lang='lat' dir='ltr'><strong>Dixit</strong></span> <span class='ocrx_word' id='word_1_155' title='bbox 562 2374 723 2430; x_wconf 83' lang='lat' dir='ltr'><strong>Damoetas:</strong></span> <span class='ocrx_word' id='word_1_156' title='bbox 741 2375 840 2429; x_wconf 82' lang='lat' dir='ltr'><strong>invidit</strong></span> <span class='ocrx_word' id='word_1_157' title='bbox 858 2376 960 2429; x_wconf 88' lang='lat' dir='ltr'><strong>stultus</strong></span> <span class='ocrx_word' id='word_1_158' title='bbox 980 2378 1122 2444; x_wconf 85' lang='lat' dir='ltr'><strong>Amyntas.</strong></span> 
     </span>
     <span class='ocr_line' id='line_1_24' title="bbox 465 2450 1327 2519; baseline 0.005 -17"><span class='ocrx_word' id='word_1_159' title='bbox 465 2450 613 2505; x_wconf 86' lang='lat' dir='ltr'><strong>Praeterea</strong></span> <span class='ocrx_word' id='word_1_160' title='bbox 630 2451 692 2518; x_wconf 88' lang='lat' dir='ltr'><strong>duo,</strong></span> <span class='ocrx_word' id='word_1_161' title='bbox 710 2467 761 2504; x_wconf 87' lang='lat' dir='ltr'><strong>nee</strong></span> <span class='ocrx_word' id='word_1_162' title='bbox 779 2455 841 2505; x_wconf 90' lang='lat' dir='ltr'><strong>tuta</strong></span> <span class='ocrx_word' id='word_1_163' title='bbox 858 2451 926 2504; x_wconf 93' lang='lat' dir='ltr'><strong>mihi</strong></span> <span class='ocrx_word' id='word_1_164' title='bbox 944 2451 1014 2505; x_wconf 87' lang='lat' dir='ltr'><strong>valle</strong></span> <span class='ocrx_word' id='word_1_165' title='bbox 1033 2450 1144 2519; x_wconf 90' lang='lat' dir='ltr'><strong>reperti,</strong></span> <span class='ocrx_word' id='word_1_166' title='bbox 1301 2466 1327 2506; x_wconf 73' lang='lat' dir='ltr'><strong>co</strong></span> 
     </span>
     <span class='ocr_line' id='line_1_25' title="bbox 465 2522 1135 2595; baseline -0.003 -16"><span class='ocrx_word' id='word_1_167' title='bbox 465 2525 597 2595; x_wconf 67' lang='lat' dir='ltr'><strong>(lapreoli</strong></span> <span class='ocrx_word' id='word_1_168' title='bbox 615 2525 717 2593; x_wconf 89' lang='lat' dir='ltr'><strong>sparsis</strong></span> <span class='ocrx_word' id='word_1_169' title='bbox 735 2526 819 2580; x_wconf 88' lang='lat' dir='ltr'><strong>etiam</strong></span> <span class='ocrx_word' id='word_1_170' title='bbox 837 2543 910 2580; x_wconf 89' lang='lat' dir='ltr'><strong>nunc</strong></span> <span class='ocrx_word' id='word_1_171' title='bbox 927 2522 1046 2595; x_wconf 88' lang='lat' dir='ltr'><strong>pellibus</strong></span> <span class='ocrx_word' id='word_1_172' title='bbox 1065 2526 1135 2592; x_wconf 89' lang='lat' dir='ltr'><strong>albo,</strong></span> 
     </span>
     <span class='ocr_line' id='line_1_26' title="bbox 465 2599 1174 2669; baseline 0 -15"><span class='ocrx_word' id='word_1_173' title='bbox 465 2602 535 2655; x_wconf 90' lang='lat' dir='ltr'><strong>Bina</strong></span> <span class='ocrx_word' id='word_1_174' title='bbox 553 2600 598 2655; x_wconf 85' lang='lat' dir='ltr'><strong>die</strong></span> <span class='ocrx_word' id='word_1_175' title='bbox 615 2600 719 2654; x_wconf 88' lang='lat' dir='ltr'><strong>siccant</strong></span> <span class='ocrx_word' id='word_1_176' title='bbox 736 2600 793 2654; x_wconf 88' lang='lat' dir='ltr'><strong>ovis</strong></span> <span class='ocrx_word' id='word_1_177' title='bbox 811 2600 915 2667; x_wconf 88' lang='lat' dir='ltr'><strong>ubera;</strong></span> <span class='ocrx_word' id='word_1_178' title='bbox 932 2616 1000 2669; x_wconf 80' lang='lat' dir='ltr'><strong>quos</strong></span> <span class='ocrx_word' id='word_1_179' title='bbox 1019 2599 1071 2653; x_wconf 88' lang='lat' dir='ltr'><strong>tibi</strong></span> <span class='ocrx_word' id='word_1_180' title='bbox 1090 2616 1174 2654; x_wconf 80' lang='lat' dir='ltr'><strong>servo.</strong></span> 
     </span>
     <span class='ocr_line' id='line_1_27' title="bbox 465 2675 1234 2747; baseline 0 -16"><span class='ocrx_word' id='word_1_181' title='bbox 465 2677 526 2731; x_wconf 89' lang='lat' dir='ltr'><strong>Iam</strong></span> <span class='ocrx_word' id='word_1_182' title='bbox 544 2677 651 2747; x_wconf 92' lang='lat' dir='ltr'><strong>pridem</strong></span> <span class='ocrx_word' id='word_1_183' title='bbox 669 2694 687 2731; x_wconf 90' lang='lat' dir='ltr'><strong>a</strong></span> <span class='ocrx_word' id='word_1_184' title='bbox 703 2693 747 2731; x_wconf 89' lang='lat' dir='ltr'><strong>me</strong></span> <span class='ocrx_word' id='word_1_185' title='bbox 765 2676 825 2730; x_wconf 91' lang='lat' dir='ltr'><strong>illos</strong></span> <span class='ocrx_word' id='word_1_186' title='bbox 844 2675 982 2730; x_wconf 87' lang='lat' dir='ltr'><strong>abducere</strong></span> <span class='ocrx_word' id='word_1_187' title='bbox 1001 2675 1137 2744; x_wconf 83' lang='lat' dir='ltr'><strong>Thestylis</strong></span> <span class='ocrx_word' id='word_1_188' title='bbox 1156 2680 1234 2742; x_wconf 90' lang='lat' dir='ltr'><strong>orat;</strong></span> 
     </span>
     <span class='ocr_line' id='line_1_28' title="bbox 465 2752 1209 2821; baseline -0.003 -13"><span class='ocrx_word' id='word_1_189' title='bbox 465 2754 502 2808; x_wconf 82' lang='lat' dir='ltr'><strong>ut</strong></span> <span class='ocrx_word' id='word_1_190' title='bbox 517 2753 606 2821; x_wconf 85' lang='lat' dir='ltr'><strong>faciet,</strong></span> <span class='ocrx_word' id='word_1_191' title='bbox 625 2753 753 2821; x_wconf 88' lang='lat' dir='ltr'><strong>quoniam</strong></span> <span class='ocrx_word' id='word_1_192' title='bbox 772 2752 887 2807; x_wconf 84' lang='lat' dir='ltr'><strong>sordent</strong></span> <span class='ocrx_word' id='word_1_193' title='bbox 906 2752 958 2805; x_wconf 92' lang='lat' dir='ltr'><strong>tibi</strong></span> <span class='ocrx_word' id='word_1_194' title='bbox 977 2768 1092 2805; x_wconf 88' lang='lat' dir='ltr'><strong>munera</strong></span> <span class='ocrx_word' id='word_1_195' title='bbox 1110 2757 1209 2806; x_wconf 88' lang='lat' dir='ltr'><strong>nostra.</strong></span> 
     </span>
     <span class='ocr_line' id='line_1_29' title="bbox 465 2827 1326 2897; baseline 0.001 -14"><span class='ocrx_word' id='word_1_196' title='bbox 465 2830 528 2883; x_wconf 90' lang='lat' dir='ltr'><strong>Huc</strong></span> <span class='ocrx_word' id='word_1_197' title='bbox 545 2829 619 2896; x_wconf 88' lang='lat' dir='ltr'><strong>ades,</strong></span> <span class='ocrx_word' id='word_1_198' title='bbox 636 2846 653 2883; x_wconf 94' lang='lat' dir='ltr'><strong>o</strong></span> <span class='ocrx_word' id='word_1_199' title='bbox 670 2830 789 2883; x_wconf 86' lang='lat' dir='ltr'><strong>formose</strong></span> <span class='ocrx_word' id='word_1_200' title='bbox 806 2845 892 2897; x_wconf 90' lang='lat' dir='ltr'><strong>puer:</strong></span> <span class='ocrx_word' id='word_1_201' title='bbox 911 2827 963 2882; x_wconf 92' lang='lat' dir='ltr'><strong>tibi</strong></span> <span class='ocrx_word' id='word_1_202' title='bbox 982 2827 1039 2881; x_wconf 89' lang='lat' dir='ltr'><strong>lilia</strong></span> <span class='ocrx_word' id='word_1_203' title='bbox 1057 2828 1145 2897; x_wconf 88' lang='lat' dir='ltr'><strong>plenis</strong></span> <span class='ocrx_word' id='word_1_204' title='bbox 1301 2846 1326 2884; x_wconf 79' lang='lat'><strong>45</strong></span> 
     </span>
     <span class='ocr_line' id='line_1_30' title="bbox 464 2903 1256 2974; baseline -0.001 -14"><span class='ocrx_word' id='word_1_205' title='bbox 464 2906 534 2960; x_wconf 81' lang='lat' dir='ltr'><strong>llece</strong></span> <span class='ocrx_word' id='word_1_206' title='bbox 551 2907 643 2960; x_wconf 85' lang='lat' dir='ltr'><strong>ferunt</strong></span> <span class='ocrx_word' id='word_1_207' title='bbox 661 2904 687 2959; x_wconf 88' lang='lat' dir='ltr'>N</span> <span class='ocrx_word' id='word_1_208' title='bbox 688 2905 804 2974; x_wconf 89' lang='lat' dir='ltr'><strong>ymphae</strong></span> <span class='ocrx_word' id='word_1_209' title='bbox 823 2904 957 2972; x_wconf 88' lang='lat' dir='ltr'><strong>calathis;</strong></span> <span class='ocrx_word' id='word_1_210' title='bbox 975 2903 1027 2959; x_wconf 91' lang='lat' dir='ltr'><strong>tibi</strong></span> <span class='ocrx_word' id='word_1_211' title='bbox 1047 2905 1163 2959; x_wconf 88' lang='lat' dir='ltr'><strong>candida</strong></span> <span class='ocrx_word' id='word_1_212' title='bbox 1182 2906 1256 2974; x_wconf 86' lang='lat' dir='ltr'><strong>Nais,</strong></span> 
     </span>
     <span class='ocr_line' id='line_1_31' title="bbox 464 2981 1171 3050; baseline -0.001 -15"><span class='ocrx_word' id='word_1_213' title='bbox 464 2981 596 3035; x_wconf 77' lang='lat' dir='ltr'><strong>Pallantis</strong></span> <span class='ocrx_word' id='word_1_214' title='bbox 614 2982 699 3036; x_wconf 85' lang='lat' dir='ltr'><strong>violas</strong></span> <span class='ocrx_word' id='word_1_215' title='bbox 716 2984 746 3035; x_wconf 87' lang='lat' dir='ltr'><strong>et</strong></span> <span class='ocrx_word' id='word_1_216' title='bbox 764 2997 871 3034; x_wconf 85' lang='lat' dir='ltr'><strong>summa</strong></span> <span class='ocrx_word' id='word_1_217' title='bbox 890 2997 1028 3050; x_wconf 86' lang='lat' dir='ltr'><strong>papavera</strong></span> <span class='ocrx_word' id='word_1_218' title='bbox 1048 2998 1171 3050; x_wconf 88' lang='lat' dir='ltr'><strong>carpens,</strong></span> 
     </span>
     <span class='ocr_line' id='line_1_32' title="bbox 463 3056 1232 3125; baseline -0.003 -15"><span class='ocrx_word' id='word_1_219' title='bbox 463 3058 621 3112; x_wconf 86' lang='lat' dir='ltr'><strong>Narcissum</strong></span> <span class='ocrx_word' id='word_1_220' title='bbox 638 3060 668 3111; x_wconf 90' lang='lat' dir='ltr'><strong>et</strong></span> <span class='ocrx_word' id='word_1_221' title='bbox 685 3058 780 3111; x_wconf 91' lang='lat' dir='ltr'><strong>florem</strong></span> <span class='ocrx_word' id='word_1_222' title='bbox 798 3056 888 3125; x_wconf 85' lang='lat' dir='ltr'><strong>iungit</strong></span> <span class='ocrx_word' id='word_1_223' title='bbox 907 3057 977 3111; x_wconf 92' lang='lat' dir='ltr'><strong>bene</strong></span> <span class='ocrx_word' id='word_1_224' title='bbox 997 3057 1097 3112; x_wconf 89' lang='lat' dir='ltr'><strong>olentis</strong></span> <span class='ocrx_word' id='word_1_225' title='bbox 1118 3056 1232 3121; x_wconf 89' lang='lat' dir='ltr'><strong>anethi;</strong></span> 
     </span>
     <span class='ocr_line' id='line_1_33' title="bbox 462 3131 1226 3202; baseline -0.001 -16"><span class='ocrx_word' id='word_1_226' title='bbox 462 3133 539 3201; x_wconf 77' lang='lat' dir='ltr'><strong>Tum,</strong></span> <span class='ocrx_word' id='word_1_227' title='bbox 556 3133 630 3187; x_wconf 88' lang='lat' dir='ltr'><strong>casia</strong></span> <span class='ocrx_word' id='word_1_228' title='bbox 647 3136 732 3202; x_wconf 89' lang='lat' dir='ltr'><strong>atque</strong></span> <span class='ocrx_word' id='word_1_229' title='bbox 751 3133 811 3187; x_wconf 90' lang='lat' dir='ltr'><strong>aliis</strong></span> <span class='ocrx_word' id='word_1_230' title='bbox 830 3132 958 3187; x_wconf 86' lang='lat' dir='ltr'><strong>intexens</strong></span> <span class='ocrx_word' id='word_1_231' title='bbox 978 3133 1108 3188; x_wconf 84' lang='lat' dir='ltr'><strong>suavibus</strong></span> <span class='ocrx_word' id='word_1_232' title='bbox 1125 3131 1226 3199; x_wconf 88' lang='lat' dir='ltr'><strong>herbis,</strong></span> 
     </span>
     <span class='ocr_line' id='line_1_34' title="bbox 462 3208 1327 3278; baseline 0.002 -16"><span class='ocrx_word' id='word_1_233' title='bbox 462 3208 557 3263; x_wconf 86' lang='lat' dir='ltr'><strong>Mollia</strong></span> <span class='ocrx_word' id='word_1_234' title='bbox 575 3208 677 3262; x_wconf 89' lang='lat' dir='ltr'><strong>luteola</strong></span> <span class='ocrx_word' id='word_1_235' title='bbox 693 3209 783 3278; x_wconf 84' lang='lat' dir='ltr'><strong>pingit</strong></span> <span class='ocrx_word' id='word_1_236' title='bbox 801 3210 921 3263; x_wconf 88' lang='lat' dir='ltr'><strong>vaccinia</strong></span> <span class='ocrx_word' id='word_1_237' title='bbox 938 3209 1036 3263; x_wconf 91' lang='lat' dir='ltr'><strong>caltha.</strong></span> <span class='ocrx_word' id='word_1_238' title='bbox 1301 3224 1327 3264; x_wconf 80' lang='lat'><strong>50</strong></span> 
     </span>
     <span class='ocr_line' id='line_1_35' title="bbox 463 3283 1147 3354; baseline 0.001 -17"><span class='ocrx_word' id='word_1_239' title='bbox 463 3283 528 3353; x_wconf 90' lang='lat' dir='ltr'><strong>Ipse</strong></span> <span class='ocrx_word' id='word_1_240' title='bbox 545 3301 596 3354; x_wconf 84' lang='lat' dir='ltr'><strong>ego</strong></span> <span class='ocrx_word' id='word_1_241' title='bbox 615 3301 683 3338; x_wconf 89' lang='lat' dir='ltr'><strong>cana</strong></span> <span class='ocrx_word' id='word_1_242' title='bbox 701 3285 791 3354; x_wconf 89' lang='lat' dir='ltr'><strong>legam</strong></span> <span class='ocrx_word' id='word_1_243' title='bbox 811 3289 909 3340; x_wconf 88' lang='lat' dir='ltr'><strong>tenera</strong></span> <span class='ocrx_word' id='word_1_244' title='bbox 921 3286 1050 3353; x_wconf 79' lang='lat' dir='ltr'><strong>lanugine</strong></span> <span class='ocrx_word' id='word_1_245' title='bbox 1068 3285 1147 3353; x_wconf 89' lang='lat' dir='ltr'><strong>mala,</strong></span> 
     </span>
     <span class='ocr_line' id='line_1_36' title="bbox 461 3359 1256 3430; baseline -0.001 -16"><span class='ocrx_word' id='word_1_246' title='bbox 461 3359 666 3429; x_wconf 74' lang='lat' dir='ltr'><strong>Castaneasque</strong></span> <span class='ocrx_word' id='word_1_247' title='bbox 683 3378 774 3430; x_wconf 87' lang='lat' dir='ltr'><strong>nuces,</strong></span> <span class='ocrx_word' id='word_1_248' title='bbox 793 3379 856 3415; x_wconf 89' lang='lat' dir='ltr'><strong>mea</strong></span> <span class='ocrx_word' id='word_1_249' title='bbox 874 3378 943 3430; x_wconf 87' lang='lat' dir='ltr'><strong>quas</strong></span> <span class='ocrx_word' id='word_1_250' title='bbox 963 3360 1112 3429; x_wconf 86' lang='lat' dir='ltr'><strong>Amaryllis</strong></span> <span class='ocrx_word' id='word_1_251' title='bbox 1129 3360 1256 3425; x_wconf 87' lang='lat' dir='ltr'><strong>amabat;</strong></span> 
     </span>
     <span class='ocr_line' id='line_1_37' title="bbox 458 3436 1297 3506; baseline 0.001 -18"><span class='ocrx_word' id='word_1_252' title='bbox 458 3436 574 3489; x_wconf 83' lang='lat' dir='ltr'><strong>Addam</strong></span> <span class='ocrx_word' id='word_1_253' title='bbox 593 3453 671 3490; x_wconf 88' lang='lat' dir='ltr'><strong>cerea</strong></span> <span class='ocrx_word' id='word_1_254' title='bbox 688 3454 794 3506; x_wconf 87' lang='lat' dir='ltr'><strong>pruna:</strong></span> <span class='ocrx_word' id='word_1_255' title='bbox 812 3438 898 3491; x_wconf 89' lang='lat' dir='ltr'><strong>honos</strong></span> <span class='ocrx_word' id='word_1_256' title='bbox 917 3438 970 3490; x_wconf 90' lang='lat' dir='ltr'><strong>erit</strong></span> <span class='ocrx_word' id='word_1_257' title='bbox 989 3436 1053 3489; x_wconf 92' lang='lat' dir='ltr'><strong>huic</strong></span> <span class='ocrx_word' id='word_1_258' title='bbox 1072 3452 1181 3503; x_wconf 89' lang='lat' dir='ltr'><strong>quoque</strong></span> <span class='ocrx_word' id='word_1_259' title='bbox 1199 3452 1297 3504; x_wconf 84' lang='lat' dir='ltr'><strong>pomo;</strong></span> 
     </span>
     <span class='ocr_line' id='line_1_38' title="bbox 440 3504 1194 3587; baseline 0.003 -27"><span class='ocrx_word' id='word_1_260' title='bbox 440 3504 486 3560; x_wconf 70' lang='lat' dir='ltr'><strong>Et</strong></span> <span class='ocrx_word' id='word_1_261' title='bbox 505 3526 559 3578; x_wconf 68' lang='lat' dir='ltr'><strong>voa</strong></span> <span class='ocrx_word' id='word_1_262' title='bbox 580 3528 597 3565; x_wconf 96' lang='lat' dir='ltr'><strong>o</strong></span> <span class='ocrx_word' id='word_1_263' title='bbox 613 3513 694 3582; x_wconf 85' lang='lat' dir='ltr'><strong>lauri,</strong></span> <span class='ocrx_word' id='word_1_264' title='bbox 709 3531 832 3587; x_wconf 87' lang='lat' dir='ltr'><strong>carpam,</strong></span> <span class='ocrx_word' id='word_1_265' title='bbox 849 3517 881 3569; x_wconf 90' lang='lat' dir='ltr'><strong>et</strong></span> <span class='ocrx_word' id='word_1_266' title='bbox 899 3517 937 3583; x_wconf 85' lang='lat' dir='ltr'><strong>te,</strong></span> <span class='ocrx_word' id='word_1_267' title='bbox 952 3511 1080 3582; x_wconf 75' lang='lat' dir='ltr'><strong>proxima</strong></span> <span class='ocrx_word' id='word_1_268' title='bbox 1092 3514 1194 3577; x_wconf 79' lang='lat' dir='ltr'><strong>myrta,</strong></span> 
     </span>
     <span class='ocr_line' id='line_1_39' title="bbox 424 3574 1347 3660; baseline -0.005 -12"><span class='ocrx_word' id='word_1_269' title='bbox 424 3574 481 3631; x_wconf 58' lang='lat'>⁸¹¹⁰</span> <span class='ocrx_word' id='word_1_270' title='bbox 490 3587 614 3648; x_wconf 75' lang='lat' dir='ltr'><strong>positae</strong></span> <span class='ocrx_word' id='word_1_271' title='bbox 635 3593 775 3660; x_wconf 83' lang='lat' dir='ltr'><strong>quoniam</strong></span> <span class='ocrx_word' id='word_1_272' title='bbox 797 3592 898 3649; x_wconf 82' lang='lat' dir='ltr'><strong>suavis</strong></span> <span class='ocrx_word' id='word_1_273' title='bbox 914 3588 1043 3645; x_wconf 70' lang='lat' dir='ltr'><strong>muman</strong></span> <span class='ocrx_word' id='word_1_274' title='bbox 1061 3586 1170 3639; x_wconf 64' lang='lat' dir='ltr'><strong>odoras·</strong></span> <span class='ocrx_word' id='word_1_275' title='bbox 1319 3596 1347 3633; x_wconf 71' lang='lat' dir='ltr'><strong>u</strong></span> 
     </span>
     <span class='ocr_line' id='line_1_40' title="bbox 409 3643 1273 3742; baseline -0.016 -9"><span class='ocrx_word' id='word_1_276' title='bbox 409 3643 564 3717; x_wconf 45' lang='lat' dir='ltr'><strong><em>Eume&amp;</em></strong></span> <span class='ocrx_word' id='word_1_277' title='bbox 580 3680 625 3733; x_wconf 62' lang='lat'><strong>2⁸,</strong></span> <span class='ocrx_word' id='word_1_278' title='bbox 651 3669 816 3742; x_wconf 73' lang='lat' dir='ltr'><strong>Corydon:</strong></span> <span class='ocrx_word' id='word_1_279' title='bbox 836 3688 895 3728; x_wconf 87' lang='lat' dir='ltr'><strong>nee</strong></span> <span class='ocrx_word' id='word_1_280' title='bbox 913 3682 1040 3724; x_wconf 83' lang='lat' dir='ltr'><strong>munera</strong></span> <span class='ocrx_word' id='word_1_281' title='bbox 1057 3663 1142 3717; x_wconf 80' lang='lat' dir='ltr'><strong>curat</strong></span> <span class='ocrx_word' id='word_1_282' title='bbox 1165 3654 1273 3718; x_wconf 65' lang='lat' dir='ltr'><strong>Alema</strong></span> 
     </span>
    </p>
   </div>
   <div class='ocr_carea' id='block_1_4' title="bbox 0 0 1738 4367">
    <p class='ocr_par' dir='ltr' id='par_1_10' title="bbox 0 0 1738 4367">
     <span class='ocr_line' id='line_1_41' title="bbox 0 0 1738 4367; baseline 0 4"><span class='ocrx_word' id='word_1_283' title='bbox 0 0 1738 4367; x_wconf 95' lang='lat' dir='ltr'><strong> </strong></span> 
     </span>
    </p>
   </div>
  </div>
 </body>
</html>
