3467 4367
455 615 484 663 88
681 609 709 656 P.
732 606 886 656 VERGILI
903 606 1071 657 MARONIS

454 694 625 764 Adloquitur
638 693 745 747 Venus:
767 691 791 745 Ο
804 690 852 761 qui
864 707 910 745 res
920 691 1118 762 hominumque
1128 694 1273 765 deumque

454 771 585 826 Aeternis
602 770 674 837 regis
692 767 811 837 inperiis,
830 771 861 823 et
878 767 991 822 fulmine
1009 772 1105 839 terres,
1276 789 1310 830 m

454 848 527 914 Quid
545 863 622 900 meus
641 849 750 898 Aeneas
767 845 796 896 in
815 848 845 899 te
862 845 1036 899 committere
1052 849 1172 914 tautum,
1205 839 1211 850 '
1318 842 1321 847 ’

454 924 527 990 Quid
546 924 629 976 Troes
646 926 770 990 potuere,
789 921 897 989 quibus,
915 924 959 975 tot
976 921 1074 975 fimens
1090 923 1187 992 masis,

455 1001 576 1056 (iunctus
594 999 630 1052 eb
651 998 761 1051 Italiam
778 1001 917 1052 terrarum
935 997 1074 1051 clauditur
1091 998 1183 1055 orbisl

455 1079 537 1133 Certe
555 1075 618 1128 hinc
637 1074 773 1127 Romanos
791 1074 863 1142 olim,
882 1073 1056 1129 volventibus
1073 1075 1160 1144 annis,

456 1155 528 1208 llinc
546 1153 604 1206 l'ore
623 1151 758 1217 ductores,
777 1154 905 1204 revocato
922 1167 940 1204 a
958 1151 1090 1219 sanguine
1108 1151 1218 1223 Tenui
1278 1169 1312 1212 a

456 1231 508 1296 Qui
526 1247 608 1298 mare,
627 1228 673 1296 qui
692 1232 781 1282 terras
799 1228 873 1281 omui
891 1227 999 1281 dicione
1015 1231 1153 1296 tenerent,

456 1307 602 1368 Pollicitus
621 1321 692 1374 quae
709 1308 747 1372 te,
764 1304 881 1372 genitor,
900 1305 1038 1358 sententia
1054 1304 1157 1360 vertiti

456 1384 517 1437 lloc
535 1382 663 1452 equidem
682 1397 805 1434 occasum
824 1380 922 1434 Troiae
939 1380 1084 1450 tristisque
1100 1380 1197 1436 ruinas

455 1459 575 1527 solabar,
593 1459 656 1511 fatis
674 1457 810 1511 contraria
827 1457 885 1510 fata
902 1457 1072 1526 rependens3

455 1534 534 1590 Nunc
553 1535 649 1589 eadem
667 1536 778 1588 fortuna
794 1534 866 1587 viros
885 1535 928 1587 tot
946 1534 1054 1588 casibus
1070 1539 1155 1608 actas,
1279 1549 1312 1590 sc

457 1611 623 1680 Insequitur.
660 1611 747 1675 Quem
765 1609 923 1678 nasonem,
941 1627 991 1663 rex
1008 1626 1116 1678 magne,
1133 1609 1281 1668 laboruml

458 1691 582 1742 Antenor
599 1687 697 1757 potuit,
716 1686 814 1739 mediis
833 1686 942 1755 elapsus
962 1685 1082 1754 Achivis,

456 1762 578 1833 Illyricos
597 1767 743 1832 penetrare
761 1763 836 1815 sinus
854 1765 939 1831 atque
957 1763 1054 1816 intima
1070 1766 1149 1818 tutm

458 1839 554 1908 Regna
573 1840 761 1907 Liburnorum,
781 1843 809 1892 ot
827 1840 932 1893 fontem
951 1855 1081 1909 superare
1101 1839 1218 1910 limavi,

456 1916 538 1971 Unde
555 1934 604 1985 per
623 1933 670 1969 orn
688 1933 785 1969 novem
804 1920 882 1969 vasto
901 1931 962 1968 cum
981 1932 1123 1970 murmure
1140 1916 1246 1972 mentis
1280 1931 1314 1970 sss

458 1994 487 2048 It
505 2010 579 2046 mare
597 1996 759 2062 proruptum
778 1996 807 2045 et
825 1992 923 2060 pelago
942 1992 1043 2060 premit
1061 2007 1126 2046 arva
1143 1993 1263 2048 somnii.

458 2070 512 2124 Hic
529 2074 622 2123 tamen
640 2069 687 2122 ille
705 2068 802 2122 urbem
822 2067 918 2122 Patavi
937 2068 1073 2137 sedesque
1090 2068 1193 2123 locarit

457 2147 631 2216 Teucrorum,
649 2151 678 2200 et
696 2146 771 2215 genti
789 2161 887 2199 nomen
907 2144 986 2200 dedit
1004 2161 1135 2214 armaque
1152 2145 1216 2201 lixit

458 2223 544 2290 Troia,
562 2240 634 2277 nunc
651 2223 759 2292 placida
777 2224 923 2290 eonpostus
941 2238 1009 2291 pace
1027 2219 1158 2290 quiescit:

457 2300 484 2354 N
486 2317 523 2368 os,
542 2304 589 2353 tua
606 2299 759 2368 progenies,
780 2297 847 2352 caeli
866 2297 966 2366 quibus
985 2297 1083 2351 adnuis
1100 2313 1202 2365 arcem,
1279 2314 1316 2354 m

457 2375 586 2441 Navibus,
605 2375 760 2429 infandum!
781 2374 894 2440 amissis,
914 2373 994 2427 unius
1012 2373 1047 2426 ob
1066 2373 1135 2427 iram

458 2450 603 2505 Prodimur
621 2455 704 2519 atque
725 2451 802 2503 Italis
820 2449 901 2517 longe
920 2448 1102 2517 disiungimur
1120 2449 1183 2505 orie

458 2527 513 2580 Hic
530 2527 641 2596 pietatis
658 2526 760 2579 honosl
782 2527 887 2580 sicnos
905 2526 933 2579 in
953 2531 1062 2595 sceptra
1078 2526 1207 2594 reponisl

493 2602 547 2657 Olli
565 2601 709 2655 subridens
727 2602 866 2656 hominum
885 2606 959 2657 sator
977 2607 1061 2671 atque
1079 2602 1195 2657 deorum

458 2672 551 2746 voltu,
570 2695 623 2747 quo
641 2678 745 2734 caelum
763 2682 998 2748 tempestatesque
1016 2681 1132 2751 serenat,
1280 2695 1316 2736 sss

459 2755 558 2809 Oscula
575 2755 670 2809 libavit
688 2760 776 2823 natae,
796 2754 896 2809 dehinc
914 2756 981 2809 tolia
998 2756 1085 2810 fatur:

460 2832 545 2886 Parce
563 2835 645 2898 metu,
664 2832 808 2901 Cytherea,
827 2835 941 2887 manent
959 2833 1063 2885 inmota
1080 2836 1192 2886 tuorum

459 2908 529 2963 Fata
547 2908 609 2964 tibi:
630 2925 724 2963 cernes
743 2909 840 2963 urbem
859 2912 889 2963 et
907 2909 1039 2977 promissa
1058 2906 1153 2962 Lerini

460 2985 574 3054 Moenia,
593 2985 792 3056 sublimemque
810 2988 883 3042 feres
901 2985 938 3040 ad
955 2985 1047 3040 sidera
1064 2983 1132 3039 eseli

460 3062 663 3131 Magnanimum
683 3066 812 3131 Aeneam
828 3080 918 3132 neque
935 3079 980 3118 me
999 3062 1135 3117 sententia
1153 3061 1247 3116 vertit.
1279 3074 1316 3116 m

462 3140 515 3194 llic
527 3140 690 3194 tibi—fabor
703 3143 782 3209 eninr,
796 3140 905 3210 quande
917 3140 985 3194 haec
997 3143 1027 3193 te
1040 3156 1105 3193 curu
1116 3137 1268 3204 remordet,

461 3216 578 3285 Longius
596 3220 625 3272 et
643 3218 754 3272 volvens
772 3218 890 3271 fatorum
908 3233 1007 3270 arcana
1024 3214 1174 3269 merebo—

462 3293 568 3347 Bellum
585 3294 681 3362 ingens
699 3297 779 3362 geret
798 3293 881 3347 Italia
897 3292 1068 3362 populosque
1085 3290 1184 3345 ferocis

461 3370 624 3437 Contundet,
643 3386 787 3439 moresque
806 3370 871 3423 viris
890 3373 918 3423 et
936 3369 1042 3423 moenia
1059 3369 1150 3437 ponet,

460 3445 552 3500 'lertio
570 3446 637 3499 dum
656 3446 734 3500 Latio
753 3449 914 3515 regnantem
932 3445 1033 3499 viderit
1051 3447 1151 3510 aestus,
1279 3455 1318 3498 me

447 3521 595 3590 remaque
614 3523 779 3580 transierint
800 3522 916 3579 Rutulis
931 3521 1053 3575 biberim
1069 3518 1199 3573 subactis.

424 3594 474 3646 At
485 3612 568 3663 puer
582 3599 739 3676 Ascanius,
758 3604 808 3661 cui
828 3618 909 3657 nunc
925 3611 1089 3667 cognomen
1101 3591 1171 3644 iulo

404 3664 662 3744 Aded‘tum-Ilus
682 3688 759 3756 emt,
783 3683 860 3741 dum
882 3695 934 3735 res
952 3674 1043 3732 stent
1059 3667 1122 3723 ΠΜ
1136 3674 1268 3722 ῖθῖω-
