3467 4367
479 574 520 659 ³4⁴
705 612 737 661 Ρ.
754 608 909 658 uuaeim
925 609 1093 658 Manours

477 690 515 744 Et
533 689 590 743 sola
606 690 635 743 in
653 690 723 744 sicca
740 705 832 743 secum
850 689 988 758 spatiatur
1005 705 1093 743 arena

476 768 503 821 N
505 785 520 821 e
537 770 671 820 nocturna
688 767 799 835 quidem
818 770 962 835 carpentes
981 782 1065 836 pensa
1082 766 1190 834 puellae
1306 785 1342 827 aso

476 845 622 898 Nescivere
642 843 768 909 hiemem,
787 845 861 896 testa
880 860 942 897 cum
963 843 1078 896 ardente
1096 843 1224 901 viderent

475 920 628 976 Scintillare
647 919 737 972 oleum
756 922 785 972 et
802 920 891 988 putris
911 936 1086 974 concrescere
1102 919 1208 987 fungos.

510 998 569 1050 Nec
586 997 674 1050 minus
694 1011 728 1049 ex
747 995 828 1048 imbri
848 997 919 1050 soles
939 999 968 1051 ct
985 1000 1083 1065 aperta
1101 1014 1198 1069 serena

476 1074 634 1143 Prospicere
654 1075 684 1125 et
702 1073 784 1126 certit
804 1074 909 1142 poteris
927 1090 1090 1141 cognoscere
1108 1074 1204 1142 signis:

475 1151 547 1205 Nam
564 1167 654 1219 neque
672 1153 731 1204 tum
751 1149 836 1203 stellis
854 1151 925 1203 acies
944 1149 1060 1203 obtunsa
1078 1150 1195 1218 videtur,
1303 1174 1339 1213 ast

475 1228 501 1282 N
503 1245 534 1281 ec
551 1227 644 1280 fratris
662 1226 747 1279 radiis
764 1225 881 1280 obnoxia
899 1243 1011 1295 surgere
1029 1227 1113 1293 Luna,

474 1304 575 1357 Tenuis
595 1320 645 1357 nec
662 1303 741 1356 lanae
759 1320 809 1371 per
826 1304 932 1356 caelum
950 1303 1052 1358 vellera
1069 1304 1149 1367 ler1·i;

474 1380 536 1433 Non
555 1379 679 1449 tepidum
699 1379 735 1432 ad
753 1380 838 1433 selem
856 1396 961 1448 pennas
977 1381 1005 1433 in
1024 1380 1104 1434 litore
1122 1380 1247 1447 pandunt

475 1455 597 1510 Dilectae
617 1456 725 1510 Thetidi
743 1457 876 1524 alcyones,
895 1473 947 1509 non
966 1472 1013 1510 ore
1032 1457 1133 1510 solutes

474 1532 603 1586 Inmundi
621 1523 769 1600 mefiere
788 1548 850 1585 sues
867 1533 970 1586 iactare
988 1533 1127 1600 maniplos.
1205 1584 1209 1595 ,
1300 1551 1337 1589 4⁰0

475 1610 515 1661 At
532 1608 647 1661 nebulae
666 1609 752 1675 magis
770 1608 824 1661 ima
841 1611 942 1677 petunt
960 1625 1109 1677 campoque
1127 1610 1301 1679 recumbunt,

473 1684 542 1738 Solis
560 1688 588 1738 et
608 1701 731 1737 occasum
750 1701 861 1738 servans
880 1684 915 1737 de
933 1685 1048 1738 culmine
1066 1699 1171 1738 summo

473 1760 647 1829 Nequiquam
667 1776 741 1813 seros
761 1764 872 1814 exercet
890 1763 990 1813 noctua
1008 1763 1109 1813 cantus.

476 1836 599 1905 Adparet
617 1836 722 1904 liquido
742 1834 863 1889 sublimis
882 1837 909 1889 in
927 1853 991 1890 aere
1010 1836 1100 1902 Nisus,

469 1909 510 1972 U
526 1929 576 1981 pro
595 1928 733 1980 purpureo
752 1927 853 1980 poenas
873 1912 921 1966 dat
940 1912 1029 1980 Scylla
1047 1910 1160 1979 capille;
1296 1929 1335 1970 405

472 1988 648 2056 Quacumque
667 1987 712 2039 illa
731 1987 818 2040 levem
836 1988 944 2055 fugiens
964 1993 1038 2042 secat
1056 1986 1168 2040 aethera
1183 1989 1290 2060 pennis,

471 2063 541 2117 Eece
558 2063 689 2128 inimicus,
708 2066 795 2129 atrox,
813 2080 911 2131 magno
931 2065 1050 2118 stridore
1067 2081 1117 2132 per
1135 2081 1215 2118 auras

471 2137 630 2208 Insequitur
650 2138 675 2191 N
678 2140 749 2204 isus3
774 2158 828 2209 qua
846 2157 876 2194 se
894 2141 949 2194 fert
967 2140 1051 2193 Nisus
1070 2140 1106 2193 ad
1124 2157 1212 2208 auras,

471 2214 522 2269 Illa
538 2216 625 2278 levem
645 2216 752 2283 fugiens
771 2217 870 2284 raptim
890 2220 965 2269 secat
983 2215 1097 2270 aethera
1114 2217 1218 2284 pennis.

469 2289 537 2344 'Ium
555 2290 671 2360 liquidas
691 2293 765 2345 corvi
783 2308 878 2360 presso
897 2293 941 2344 ter
958 2295 1071 2359 gutture
1089 2309 1168 2345 voces
1294 2308 1332 2349 410

469 2369 528 2420 Aut
546 2372 644 2435 quater
663 2368 838 2436 ingeminant,
858 2372 887 2422 et
906 2384 987 2436 saepe
1006 2368 1140 2423 cubilibus
1156 2368 1228 2434 altis,

468 2442 567 2496 Nescio
586 2461 639 2511 qua
657 2448 768 2513 praeter
788 2444 897 2498 solitum
917 2444 1061 2499 dulcedine
1079 2444 1152 2510 laeti,

469 2518 547 2573 Inter
565 2536 594 2572 so
612 2520 639 2573 in
659 2521 729 2572 foliis
748 2522 911 2589 strepitant;
936 2521 1012 2574 iuvat
1029 2520 1161 2574 imbribus
1178 2518 1249 2575 aetla

469 2593 630 2663 Progeniem
648 2612 759 2663 parvam
780 2596 920 2666 dulcisque
938 2599 1056 2651 revisere
1075 2598 1167 2659 nidos;

469 2670 560 2737 Haud,
579 2671 708 2740 equidem
727 2671 817 2739 credo,
837 2674 900 2741 quia
919 2674 955 2726 sit
973 2673 1101 2728 divinitus
1117 2674 1170 2728 illis
1290 2694 1330 2735 ωε

468 2745 612 2816 Ingenium
630 2750 679 2800 aut
697 2764 788 2800 rerum
807 2749 864 2802 fato
883 2749 1031 2817 prudentia
1049 2751 1150 2816 maior3

468 2823 579 2890 Verum,
598 2823 645 2876 ubi
662 2827 813 2893 tempestas
831 2830 860 2880 et
878 2826 945 2879 caeli
962 2826 1070 2880 mobilis
1087 2827 1185 2882 humor

467 2899 610 2954 Mutavere
630 2900 686 2954 vias
705 2905 734 2955 et
753 2901 879 2971 Iuppiter
898 2902 996 2955 uvidus
1015 2904 1114 2957 austris

467 2974 578 3043 Denset,
596 2979 675 3029 erant
689 2983 765 3046 'quae
779 2995 841 3031 rara
855 2978 945 3045 mode,
961 2981 997 3046 et,
1014 2995 1084 3046 quae
1101 2979 1193 3047 densa,
1208 2984 1325 3050 relaxat,

467 3051 622 3105 Vertuntur
641 3054 744 3121 species
762 3056 920 3123 animorum,
940 3058 969 3109 et
986 3059 1099 3125 pectora
1116 3062 1207 3111 motus
1287 3073 1326 3114 eae

466 3128 492 3180 N
494 3146 545 3183 unc
563 3129 635 3195 alios,
656 3130 729 3200 alios,
748 3132 814 3186 dum
832 3131 926 3186 nubila
945 3135 1044 3186 ventus
1061 3133 1170 3201 agebat,

466 3205 640 3276 Ooncipiunt:
664 3207 725 3261 hinc
743 3208 789 3261 ille
807 3210 897 3262 avium
916 3213 1062 3264 concentus
1079 3210 1107 3262 in
1125 3210 1205 3277 agris,

467 3281 502 3335 Et
519 3282 607 3337 laetae
625 3283 751 3353 pecudes,
769 3288 799 3339 et
817 3290 931 3341 ovantes
948 3289 1061 3353 gutture
1079 3287 1159 3341 corvi.

499 3359 527 3411 si
545 3375 611 3412 vero
630 3361 715 3415 solem
733 3362 770 3415 ad
787 3362 913 3432 rapidum
931 3362 1064 3433 lunasque
1082 3364 1221 3431 sequentis

464 3432 567 3489 Ordine
584 3438 720 3506 respicies,
739 3456 888 3508 numquam
906 3445 936 3496 te
954 3444 1071 3497 crastina
1089 3441 1165 3495 fallet
1284 3457 1323 3496 ere

448 3507 533 3576 Hom,
553 3529 648 3581 neque
665 3515 773 3570 insidiis
793 3519 884 3573 noctis
901 3521 1012 3589 capiere
1030 3534 1152 3572 serenae.

427 3575 517 3667 {Q
539 3593 719 3647 revertentis
737 3613 806 3651 cum
824 3598 958 3668 primum
976 3594 1085 3660 colligit
1099 3590 1186 3655 igniis,

408 3645 445 3699 S!
457 3667 582 3723 ingram
605 3664 735 3725 obscuro
757 3672 982 3747 conprenderit
997 3685 1073 3727 aeta
1088 3678 1188 3724 comba

386 3745 397 3830 l
