3467 4367
689 641 871 690 AENEIDOS
889 642 960 693 LIB.
979 642 1002 690 Ι,
1239 644 1269 691 93

414 723 539 792 Rupibus
557 723 694 790 excidrmt,
713 724 816 776 scaenis
835 713 936 777 decora
952 722 1010 776 alta
1026 721 1132 777 futuris.

414 800 508 865 Qualis
525 816 591 868 apes
610 803 716 852 aestate
734 815 804 852 nova
821 815 871 867 per
889 798 974 852 florea
990 815 1055 852 rura
1233 815 1270 856 tao

414 876 534 930 Exercet
553 875 604 929 sub
622 874 678 928 sele
696 874 780 942 labor,
799 891 860 928 cnm
878 875 970 942 gentis
989 875 1098 931 adultos

414 953 543 1007 Educunt
561 950 642 1018 fctus,
661 955 709 1004 aut
728 968 790 1004 cnm
807 951 939 1019 liquentia
957 951 1039 1006 mella

414 1031 524 1099 Stipant
542 1030 572 1082 et
591 1027 663 1081 dulci
682 1026 843 1081 distendunt
862 1032 973 1082 nectare
991 1029 1079 1097 cellas,

415 1106 476 1160 Aut
493 1121 576 1159 onera
593 1104 728 1172 accipiunt
747 1103 905 1159 venientum
922 1109 970 1159 aut
988 1107 1095 1182 agmine
1112 1109 1184 1161 facto

415 1181 549 1250 Ignavum
567 1182 643 1234 fucos
660 1197 743 1251 pecus
762 1196 780 1233 a
796 1181 974 1251 praesepibus
992 1187 1098 1239 arcent:
1234 1198 1270 1238 aas

414 1258 518 1313 Fervet
535 1275 610 1327 opus,
628 1258 809 1327 redolentque
827 1257 921 1326 thymo
939 1260 1089 1328 fragrantia
1105 1259 1193 1315 mella'

414 1335 439 1390 Ο
457 1335 598 1401 formasti,
617 1352 731 1403 querum
749 1335 804 1388 iam
822 1336 929 1389 moenia
947 1339 1078 1405 surgunt!

416 1413 526 1467 Aeneas
543 1413 589 1478 ait,
608 1415 638 1466 00
655 1411 764 1479 fastigia
782 1412 895 1480 suspicit
912 1412 994 1465 urbis.

415 1489 507 1544 Infert
524 1505 554 1542 se
571 1491 683 1557 saeptus
700 1487 956 1542 nebula-mirabile
974 1488 1084 1542 dictu-

416 1564 471 1619 l'er
488 1565 599 1631 medios,
615 1565 765 1634 miscetque
782 1564 854 1631 viris,
873 1581 961 1634 neque
979 1565 1099 1618 cernitur
1116 1563 1171 1617 ulli.
1233 1578 1271 1619 000

451 1640 540 1694 Lucem
556 1642 585 1693 in
601 1641 671 1695 urbe
689 1641 742 1695 fuit
760 1641 858 1709 media,
878 1641 1041 1695 laetissimus
1059 1640 1181 1714 umbrae,

415 1717 477 1781 Quo
493 1718 611 1785 primum
628 1719 721 1773 iactati
739 1717 819 1771 undis
837 1721 866 1771 et
884 1718 994 1772 turbine
1013 1716 1098 1771 Poeni

416 1792 544 1847 Eiiedere
561 1792 619 1847 loco
637 1796 750 1863 signum,
771 1795 845 1862 quod
864 1795 940 1863 regia
959 1794 1028 1848 luno

416 1868 593 1937 Menstrarat,
612 1875 695 1939 caput
713 1872 783 1924 acris
801 1872 879 1940 eqni;
899 1871 937 1924 sic
954 1888 1017 1924 nam
1035 1871 1093 1925 fero
1111 1870 1184 1925 bello

416 1945 561 2012 Egregiam
579 1949 608 2000 et
625 1946 733 2000 facilem
751 1947 824 2001 rictu
842 1965 893 2017 per
910 1949 1016 2002 saecula
1033 1950 1151 2016 gentem
1234 1951 1270 2000 400

417 2021 471 2073 Hie
489 2021 621 2089 templum
642 2024 739 2077 lunoni
756 2025 852 2093 ingens
870 2024 982 2079 Sidonia
995 2024 1073 2077 nido

417 2094 567 2164 Condebat,
586 2098 664 2152 donis
682 2100 839 2167 opulentum
859 2105 889 2154 et
905 2101 1015 2154 numine
1034 2100 1120 2168 dirae,

417 2174 510 2225 Aerea
527 2173 570 2226 cui
587 2175 718 2242 gradibus
737 2176 886 2244 surgebant
903 2176 997 2228 limina
1014 2179 1168 2243 nexaequel

417 2247 494 2302 Aere
512 2249 611 2317 trabes,
629 2251 732 2305 foribus
752 2251 834 2305 cardo
852 2250 988 2304 stridebat
1006 2251 1086 2303 aenis.

418 2324 480 2377 Hoc
497 2325 614 2393 primum
631 2328 659 2380 in
676 2328 737 2380 lneo
756 2343 825 2380 nova
842 2343 887 2380 res
906 2325 997 2379 oblata
1014 2325 1139 2378 timorem
1234 2337 1270 2379 000

416 2398 516 2467 leniit,
534 2400 577 2454 hic
594 2403 711 2471 primum
731 2405 840 2456 Aeneas
859 2418 973 2471 sperare
989 2401 1104 2455 salutem

417 2479 512 2530 Ausus
529 2480 559 2530 et
576 2478 693 2532 adflictis
710 2479 807 2532 melius
824 2477 961 2531 confidere
979 2477 1067 2531 rebus

417 2552 544 2622 'lamque
562 2554 613 2608 sub
630 2555 735 2624 ingenti
753 2554 854 2608 lustrat
872 2554 938 2606 dum
956 2553 1062 2622 singula
1078 2552 1189 2621 templo,

417 2626 553 2696 Reginam
571 2633 722 2700 opperiens,
741 2631 814 2697 dum,
832 2647 902 2701 quae
921 2630 1043 2683 Fortuna
1060 2629 1096 2682 sit
1113 2627 1181 2693 urbi,
1284 2653 1294 2674 ·

417 2704 619 2776 Artificumque
637 2726 733 2763 manns
750 2708 822 2763 inter
840 2725 870 2762 se
888 2721 1054 2776 operumque
1072 2704 1193 2759 laborem
1236 2718 1271 2759 000

416 2779 545 2850 Miratur,
563 2784 641 2839 videt
660 2786 758 2839 Iliacas
775 2803 809 2840 ex
827 2784 923 2839 ordine
941 2800 1046 2853 pugnas

417 2856 551 2927 Bellaque
568 2860 623 2915 iam
640 2862 713 2915 fama
730 2865 819 2916 totum
837 2862 947 2929 volgata
964 2876 1015 2929 per
1032 2859 1133 2921 orbem,

419 2931 541 3001 Atridas,
560 2935 760 3006 Priamumque,
779 2941 809 2991 et
827 2954 937 2990 saevum
955 2935 1089 2989 ambobus
1109 2934 1240 2988 Achillen

376 2974 403 3024 ᾗ
418 3008 557 3078 Constitit,
570 3015 600 3066 et
611 3006 762 3080 lacrimans,
776 3014 843 3078 Quis
855 3014 910 3066 iam
923 3013 1004 3079 locus,
1018 3011 1115 3079 inquit,
1130 3009 1244 3075 Achate,

418 3084 497 3149 Quw
513 3088 589 3155 tegle
605 3089 633 3142 in
652 3091 735 3170 terris
751 3090 839 3144 nostri
856 3107 909 3143 non
927 3089 1009 3158 plena
1026 3087 1143 3142 laborisl
1234 3100 1271 3139 000

419 3161 463 3214 lln
481 3161 613 3219 Priamus.
651 3166 723 3220 Sunt
739 3166 783 3219 hic
800 3166 885 3230 etiam
903 3182 953 3219 sua
970 3165 1094 3235 praemia
1110 3162 1200 3227 landi;

419 3238 491 3292 Sunt
507 3238 635 3296 lacrimae
652 3259 746 3296 rerum
764 3245 793 3296 et
810 3247 931 3297 mentem
949 3242 1075 3296 mortalia
1091 3242 1216 3307 tangunt.

418 3312 501 3368 Solve
517 3320 623 3382 metns3
640 3305 711 3372 feret
728 3318 797 3373 haec
813 3319 932 3389 aliquam
950 3318 1000 3373 tibi
1018 3319 1091 3372 fama
1108 3316 1232 3369 salutem.

419 3388 466 3444 Sic
483 3390 530 3458 ait,
549 3395 633 3463 atquc
650 3393 771 3447 animum
789 3395 896 3464 pictura
913 3395 1002 3464 pascit
1019 3393 1101 3459 inani,

419 3464 511 3519 Multa
527 3484 646 3536 gemens,
664 3469 799 3541 largeque
815 3470 960 3528 humectat
978 3470 1096 3525 iumine
1110 3466 1238 3520 uoltum.
1259 3471 1302 3509 aab

412 3540 542 3607 Namque
560 3543 678 3615 ridebat,
699 3547 740 3602 uti
761 3548 904 3606 bellantes
923 3551 1073 3620 Pergama
1091 3544 1207 3598 dmm

400 3612 467 3666 Hac
480 3614 614 3686 &gerent
633 3624 721 3692 Graii,
742 3632 898 3696 premeret
917 3629 1054 3686 Troiana
1070 3616 1235 3677 iuuentus.

387 3682 456 3737 ΗΜ
470 3684 609 3764 Phryges,
628 3699 761 3759 insonet
781 3721 878 3765 curru
897 3709 1054 3765 motetus
1078 3690 1235 3755 senates·
