3467 4367
716 920 747 970 P.
764 920 919 970 VERGILI
936 921 1103 972 MARONIS

687 1032 1154 1186 Annninos

780 1275 899 1331 LIBER
919 1276 1056 1334 NONUS.

852 1449 953 1478 -0—

493 1576 592 1636 Auem
611 1594 645 1633 ea
661 1578 769 1632 diversa
785 1577 896 1646 penitus
913 1577 979 1631 dum
995 1582 1074 1647 parte
1091 1581 1231 1648 gaumida

493 1650 561 1703 Irim
580 1654 616 1707 de
632 1653 707 1708 caelo
725 1654 799 1707 misit
818 1654 947 1707 Saturnia
966 1653 1035 1706 Iuno

435 1726 437 1728 ’
493 1726 634 1781 Audacem
652 1729 689 1783 ad
707 1729 836 1782 Turnum.
872 1729 946 1782 Luco
964 1733 1023 1782 tum
1041 1729 1112 1783 forte
1130 1731 1253 1797 parentis

493 1802 613 1856 Pilumni
631 1804 738 1857 Turum
756 1808 862 1859 sacrata
879 1804 949 1858 valle
968 1804 1089 1858 sedebat.
1312 1868 1315 1875 Ι

493 1878 541 1932 Ad
559 1895 641 1946 quem
659 1880 698 1934 sic
716 1897 794 1935 roseo
813 1880 1009 1934 Thaumantias
1026 1879 1182 1934 ore’lecuta
1199 1884 1257 1935 est:
1332 1899 1344 1937 s

492 1954 591 2024 Turne,
609 1956 684 2024 quod
701 1957 808 2025 optanti
826 1958 917 2010 divom
935 1974 954 2026 p
985 1956 1097 2010 mittere
1114 1974 1194 2011 neme

493 2032 628 2100 Auderet,
646 2032 780 2087 volvenda
796 2033 863 2098 dies,
882 2049 924 2100 en,
943 2049 959 2085 a
973 2032 1037 2085 tulit
1054 2032 1134 2086 ultro¹

492 2108 609 2176 Aeneas,
627 2108 697 2163 urbe
715 2113 744 2164 et
761 2109 841 2163 sociis
858 2112 888 2163 et
905 2108 992 2162 classe
1009 2108 1113 2176 relicta,

492 2184 607 2252 Sceptra
626 2186 744 2240 Palatini
763 2186 912 2254 sedemque
928 2184 999 2253 petit
1018 2183 1147 2237 Euandri.

491 2260 551 2314 Nec
569 2261 648 2315 satis:
667 2265 804 2315 extremae
822 2261 935 2328 Corythi
952 2261 1109 2329 penetrarit
1126 2260 1162 2313 ad
1179 2263 1271 2331 urbes,
1320 2279 1345 2318 ιο

491 2336 685 2405 Lydorumque
702 2354 812 2390 manum
829 2337 957 2391 collectos
975 2340 1064 2390 armat
1082 2337 1206 2403 agrestis.

491 2412 565 2477 Quid
577 2412 704 2467 dubitas?
718 2430 788 2466 nunc
799 2418 909 2481 tempus
921 2430 1013 2481 equos,
1027 2430 1098 2466 nunc
1109 2429 1222 2480 poscere
1234 2430 1341 2469 currus.

491 2489 600 2557 Rumpe
617 2504 707 2542 moras
725 2490 812 2542 omnis
830 2492 859 2541 et
877 2489 989 2542 turbata
1006 2489 1096 2557 arripe
1114 2492 1212 2542 castra.

492 2564 578 2632 Dixit,
597 2568 626 2618 et
643 2564 672 2617 in
689 2565 794 2617 caelum
811 2564 925 2632 paribus
943 2581 973 2617 se
991 2564 1102 2618 sustulit
1119 2564 1175 2632 alis,

491 2641 692 2708 ingentemque
709 2640 774 2708 fuga
792 2641 879 2694 secuit
897 2640 948 2693 sub
965 2639 1083 2694 nubibus
1101 2656 1201 2694 arcum.
1319 2644 1344 2685 1⁵

493 2716 634 2784 Adgnovit
652 2717 765 2783 iuvenis,
784 2716 955 2786 duplicisque
972 2716 1008 2769 ad
1027 2716 1118 2770 sidera
1134 2716 1239 2785 palmas

491 2793 617 2859 Sustulit,
635 2810 667 2847 ac
685 2794 734 2847 tali
751 2794 900 2861 fugientem
919 2796 962 2847 cst
979 2808 1044 2846 voce
1062 2796 1184 2846 secutus:

492 2870 538 2937 Iri,
557 2869 641 2923 decus
659 2870 734 2937 caeli,
754 2871 815 2939 quis
833 2873 862 2925 te
880 2868 947 2922 mihi
964 2867 1082 2921 nubibus
1100 2872 1190 2922 actam

491 2946 606 3000 Detulit
617 2946 646 2999 in
664 2949 770 3000 terrasl
788 2947 862 3000 unde
879 2945 947 2999 haec
964 2948 1021 2999 tam
1039 2944 1113 2998 clara
1130 2947 1244 3014 repente

490 3022 668 3091 Tempestas?
686 3024 807 3076 medium
825 3024 905 3076 video
923 3020 1065 3074 discedere
1082 3021 1220 3089 eaelum‚⁸
1319 3038 1344 3077 ae

492 3098 669 3167 Palantisqne
687 3100 750 3166 polo
768 3098 871 3152 stellas.
908 3097 1014 3165 Sequor
1031 3097 1121 3150 omina
1138 3100 1223 3165 tanta,

491 3174 620 3243 Quisquis
638 3176 666 3227 in
684 3191 760 3227 arma
778 3192 866 3228 vocas.
903 3175 940 3227 Et
958 3173 997 3226 sic
1014 3173 1112 3226 effatus
1130 3174 1167 3226 ad
1183 3174 1285 3228 undam

490 3250 636 3319 Processit,
653 3266 814 3319 summoque
832 3251 923 3303 hausit
942 3250 976 3302 de
994 3249 1105 3316 gurgite
1123 3249 1254 3318 lymphas,

490 3326 581 3380 Multa
599 3326 666 3379 deos
684 3341 772 3392 orans,
791 3326 969 3394 oneravitque
987 3325 1098 3377 aethera
1115 3325 1193 3379 votis.

516 3403 637 3473 Iamque
655 3401 745 3456 omnis
763 3402 869 3473 campis
886 3401 1022 3456 exereitus
1038 3400 1096 3454 ibat
1113 3401 1222 3468 apertis,
1317 3416 1343 3455 as

467 3477 559 3535 Dives
581 3499 700 3554 equum,
720 3482 801 3538 dives
819 3480 909 3553 pictai
926 3478 1014 3532 uestis
1031 3480 1061 3530 et
1076 3476 1155 3537 auin,

453 3554 619 3631 Messapus
637 3562 756 3635 primas
776 3564 865 3633 acies,
880 3560 1032 3631 postrema
1048 3551 1178 3606 coercent

447 3631 623 3704 Tyrrhidae
644 3644 794 3713 iuvenes3
812 3640 918 3700 medie
940 3634 1005 3691 dux
1021 3629 1141 3698 agmine
1152 3621 1271 3672 'mm
