3467 4367
583 643 586 648 ’
677 636 752 683 AEN
754 635 859 684 EIDOS
877 636 946 685 LIB.
966 636 1004 685 Π.
1222 636 1268 685 115

410 720 518 773 Limina
534 721 671 771 tectorum
689 719 718 769 et
736 716 857 770 medium
875 716 904 768 in
921 716 1111 786 penetralibus
1127 717 1243 783 hostem,

411 798 499 849 Arma
517 794 565 847 diu
583 792 674 846 senior
692 792 807 846 desueta
824 792 1008 846 trementibus
1025 810 1092 847 aevo

410 868 571 925 Circumdat
588 868 753 937 nequiquam
771 868 901 934 humeris,
920 873 949 923 et
967 870 1064 922 inutile
1080 870 1185 925 ferrum
1228 885 1265 925 sio

410 946 544 1014 Cingitur,
561 960 593 998 ac
610 943 709 997 densos
726 944 815 1005 fertur
834 945 983 998 moriturus
1002 946 1030 998 in
1047 945 1142 999 hostis.

411 1022 539 1077 Aedibus
555 1021 584 1073 in
603 1019 700 1073 mediis
718 1020 847 1087 nudoque
867 1020 918 1074 sub
937 1021 1057 1075 aetheris
1076 1039 1128 1075 axe
1165 1017 1168 1030 ¹

411 1101 515 1167 Ingens
532 1114 580 1151 ara
596 1096 649 1149 fuit
667 1096 797 1163 iuxtaque
817 1098 964 1151 veterrima
981 1098 1080 1167 laurus,

412 1174 578 1229 Incumbens
596 1188 659 1225 arae
677 1176 761 1240 atque
780 1173 878 1227 umbra
896 1175 1027 1243 conplexa
1045 1175 1179 1250 Penatisy

412 1252 469 1307 Hic
487 1250 602 1304 Hecuba
619 1252 647 1302 et
665 1253 745 1303 natae
765 1251 932 1320 nequiquam
952 1251 1048 1305 altaria
1065 1253 1175 1320 circum,
1235 1266 1271 1305 ms

412 1327 581 1395 Praecipites
599 1328 660 1378 atra
677 1341 727 1378 ceu
745 1329 911 1395 tempestate
930 1327 1077 1395 columbae,
1098 1349 1100 1354 ·

413 1402 573 1458 Condensae
592 1405 621 1455 et
638 1401 729 1454 divom
747 1403 889 1471 amplexae
908 1403 1051 1457 simulacra
1069 1405 1231 1479 sedebant>

414 1480 509 1549 Ipsum
527 1481 620 1531 autem
639 1479 753 1546 sumptis
772 1478 910 1532 Priamum
929 1479 1097 1534 iuvenalibus
1114 1481 1195 1535 armis

413 1556 456 1610 Ut
472 1555 549 1622 vidit,
569 1555 645 1619 Quae
663 1570 740 1607 mens
758 1558 815 1608 tam
834 1554 900 1622 dira,
919 1556 1070 1610 miserrime
1087 1556 1213 1626 coniunx,

414 1631 520 1701 Inpulit
538 1631 581 1683 bis
599 1631 671 1698 cingi
689 1631 769 1685 telisl
787 1634 835 1685 aut
853 1648 908 1701 quo
927 1631 1000 1686 ruisl
1018 1632 1115 1700 inquit.
1236 1646 1272 1685 tao

393 1771 398 1776 ,
414 1708 440 1761 N
444 1725 478 1762 on
497 1708 546 1762 tali
561 1707 661 1760 auxilio
679 1724 729 1760 neo
747 1706 936 1761 defensoribus
953 1709 1013 1762 istis

415 1785 535 1853 Tempus
553 1786 632 1852 eget;
650 1800 712 1850 non,
731 1784 754 1836 si
772 1784 830 1852 ipse
847 1783 929 1839 meus'
944 1801 1015 1839 nune
1033 1784 1142 1839 adforet
1160 1783 1272 1837 Hector.

416 1861 482 1915 Huc
499 1860 612 1913 tandem
630 1858 763 1925 concede3
780 1859 847 1913 haec
865 1877 913 1914 ara
932 1861 1056 1915 tuebitur
1074 1861 1170 1929 omnis,

416 1938 477 1991 Aut
494 1936 610 1989 moriere
628 1935 714 1989 simul
752 1936 797 1989 Sic
815 1953 862 1990 ore
881 1936 964 1991 effata
982 1937 1087 2005 recepit

417 2012 466 2067 Ad
483 2029 544 2066 sese
562 2015 592 2067 et
609 2028 685 2065 sacra
702 2013 863 2080 longaevum
882 2012 910 2065 in
929 2012 995 2066 sede
1012 2013 1117 2066 locavit.
1161 2037 1165 2046 ,
1237 2019 1296 2067 1525Χ

454 2090 523 2143 Eece
540 2091 631 2142 autem
650 2088 758 2157 elapsus
777 2088 875 2157 Pyrrhi
891 2088 927 2143 de
947 2088 1032 2143 caede
1052 2065 1161 2158 Polstffs,

416 2166 497 2220 Unus
514 2169 640 2219 natorum
659 2164 767 2225 Priami
785 2181 835 2233 per
852 2165 916 2232 tela,
936 2182 986 2234 per
1004 2164 1090 2218 hostis

418 2241 574 2297 Porticibus
591 2241 677 2309 longis
695 2241 772 2309 fugit,
790 2244 820 2295 et
837 2257 923 2294 vacua
941 2241 1011 2295 atria
1028 2241 1128 2294 lustrat

417 2318 543 2374 Saucius:
560 2318 636 2371 illum
654 2319 753 2372 ardens
770 2317 869 2386 iuleste
887 2318 1004 2382 voluere
1016 2317 1137 2386 Pyrrhus

418 2394 585 2463 Insequitur,
597 2394 651 2447 iam
663 2394 772 2461 iamque
783 2409 865 2446 manu
878 2397 961 2448 tenet
968 2398 998 2448 et
1009 2393 1110 2464 premit
1122 2392 1215 2448 hasta:
1239 2408 1276 2449 mo

417 2470 461 2525 Ut
477 2470 590 2525 tandem
608 2474 672 2524 ante
691 2470 782 2523 oeulos
800 2471 888 2524 evasit
906 2473 935 2525 et
953 2487 1001 2524 ora
1018 2473 1172 2539 parentum,

418 2546 552 2614 Concidit,
571 2563 602 2601 ac
619 2547 706 2600 multo
724 2546 809 2600 vitam
827 2563 890 2601 eum
908 2547 1039 2615 sanguine
1057 2538 1157 2600 fudit.“

419 2622 476 2693 Hic
494 2622 625 2690 Priamus,
643 2638 808 2691 quamquam
825 2623 853 2675 in
871 2622 962 2678 media
979 2624 1033 2677 iarn
1051 2626 1139 2685 morte
1156 2624 1275 2686 tenetur,

418 2698 483 2753 Non
499 2702 591 2752 tamen
608 2698 749 2766 abstinuit,
767 2716 818 2754 nec
836 2700 894 2754 voci
912 2701 1024 2768 iraeque
1042 2700 1167 2768 pepercit
1167 2718 1201 2770 ἐκ

419 2772 531 2830 At'tibi
548 2791 597 2843 pro
615 2775 725 2842 scelere,
744 2777 885 2843 exclamat,
903 2792 953 2845 pro
970 2775 1071 2829 talibus
1088 2774 1168 2842 ausis,
1242 2787 1278 2828 535

419 2851 465 2919 Di,
483 2852 505 2905 si
523 2867 578 2919 qua
595 2855 638 2906 est
655 2852 730 2906 caelo
748 2852 842 2920 pietas,
863 2868 933 2921 quae
951 2851 1017 2905 talia
1036 2853 1120 2916 curet,

419 2927 583 2982 Persolvant
599 2932 693 2997 grates
710 2927 807 2996 dignas
824 2931 854 2983 et
873 2927 993 2997 praemia
1010 2927 1129 2980 reddant

420 3002 530 3072 Debita,
548 3004 595 3072 qui
613 3004 671 3057 nati
688 3019 779 3058 coram
797 3020 841 3057 me
860 3019 972 3057 cernere
990 3002 1076 3055 letum

421 3078 570 3140 recutiet
587 3080 691 3148 patrios
708 3079 826 3133 foedasti
843 3079 939 3133 funere
957 3078 1053 3132 voltus.

421 3158 465 3210 At
481 3171 536 3209 non
552 3156 607 3221 ille,
625 3160 715 3210 satum
733 3159 834 3225 quote
852 3155 983 3223 mentiris,
1003 3153 1125 3209 Achilles
1245 3166 1281 3209 tto

421 3230 497 3285 Talis
513 3232 542 3285 iu
559 3232 640 3285 hoste
656 3231 710 3286 fuit
728 3232 852 3295 Priam03
870 3229 919 3284 sed
936 3231 996 3285 iura
1014 3227 1154 3299 fidemque
1164 3279 1191 3304 s„

422 3307 558 3377 supplicis
575 3307 692 3375 erubuit,
710 3323 863 3377 corpusque
882 3323 1018 3375 exsangue
1037 3306 1189 3374 sepulchro

422 3382 559 3438 Reddidit
577 3383 753 3450 Hectoreum,
770 3398 870 3451 meque
887 3382 915 3435 in
933 3400 994 3437 mea
1011 3398 1097 3450 regna
1115 3381 1264 3478 remisit>

423 3459 561 3515 Sic-fatus
579 3458 676 3526 senior,
694 3459 836 3526 telumque
852 3457 957 3515 inbelle
974 3459 1037 3514 sine
1052 3458 1120 3511 ictu

423 3535 550 3600 Ooniecm
567 3551 650 3589 rauco
668 3534 745 3606 quod
761 3535 897 3607 protinus
915 3553 984 3594 aere
1001 3534 1161 3607 repulsum
1289 3527 1335 3564 ᾗ

408 3607 450 3660 Et
464 3624 572 3663 summo
590 3612 673 3681 clipei
691 3614 873 3687 nequiquam
891 3616 1029 3673 umbone,
1043 3603 1229 3685 pependit·-s

399 3678 455 3731 0¹¹1
467 3679 612 3798 ssflffius:
630 3690 761 3749 Refcres
780 3712 859 3766 ergo
875 3678 1174 3753 uatem-sununs
1189 3676 1257 3728 ’Μ
