3467 4367
684 635 867 686 AENEIDOS
884 635 955 684 LIB.
977 634 1008 684 V.
1189 646 1198 661 ⁶
1226 633 1272 684 167

414 712 539 787 'Iamque
556 716 626 771 adeo
644 715 739 769 donati
757 731 851 768 omnes
868 714 1022 783 opibusque
1038 712 1151 777 superbi

423 794 548 848 Punieeis
564 793 641 848 ibant
658 792 757 846 evincti
775 795 902 859 tempora
918 791 1022 858 taeniis,
1049 844 1052 851 ,

422 870 492 924 (lum
510 886 591 923 saevo
608 886 624 923 e
642 869 752 937 scopulo
769 867 858 921 multa
875 868 920 922 vix
938 869 998 922 arte
1015 869 1145 933 revolsus,
1244 881 1279 922 aro

422 946 540 1000 Amissis
557 945 640 999 remis
658 948 741 1011 atque
758 944 854 998 ordine
873 944 970 998 debilis
987 962 1048 1014 uuo,

422 1022 540 1075 inrisam
558 1020 617 1075 sine
634 1021 737 1074 honore
754 1022 842 1073 ratem
861 1019 1006 1089 Sergestus
1023 1021 1129 1089 agebat.
1178 1055 1181 1059 »

422 1098 517 1164 Qualis
535 1113 616 1165 saepe
634 1098 693 1150 viae
710 1095 864 1163 deprensus
881 1095 909 1149 in
926 1113 1027 1164 aggere
1046 1114 1165 1166 serpens,

422 1178 515 1228 Aerea
532 1190 613 1242 quem
631 1172 770 1240 obliquum
787 1174 849 1226 rota
866 1173 983 1240 transiit,
1001 1177 1049 1226 aut
1065 1173 1157 1241 gravis
1173 1172 1231 1227 ictu

420 1249 590 1305 Seminecem
608 1249 689 1317 liquit
707 1264 772 1301 saxo
788 1248 963 1316 lacerumque
981 1249 1075 1316 viator,
1237 1259 1273 1302 ars

421 1326 596 1395 Nequiquam
612 1326 707 1393 longos
725 1324 831 1392 tugiens
849 1323 899 1378 dat
916 1341 1029 1393 corpore
1046 1328 1144 1391 tortus,

421 1402 506 1455 Parte
523 1402 607 1468 ferox,
625 1400 779 1469 ardensque
797 1400 889 1467 oculis,
907 1403 936 1454 et
954 1400 1032 1455 sibila
1049 1401 1117 1454 colla

420 1478 534 1532 Arduus
551 1477 697 1542 attollens3
715 1493 779 1545 pars
797 1476 907 1530 volnere
925 1476 1022 1531 clauda
1039 1479 1160 1530 reteniat

421 1543 673 1607 Nex'antemnodis
691 1568 774 1620 seque
791 1552 820 1605 in
838 1568 888 1606 sua
904 1552 1029 1606 membra
1045 1552 1200 1621 plicantem.

419 1629 478 1683 'lali
495 1629 608 1697 remigio
625 1628 701 1681 navis
719 1644 749 1681 se
766 1628 848 1682 tarda
864 1628 1006 1694 movebat;
1236 1641 1272 1681 aso

422 1705 491 1759 Vela
507 1705 573 1758 facit
590 1707 690 1772 tamen,
708 1707 738 1757 et
755 1704 821 1758 velis
839 1704 915 1759 subit
932 1705 1001 1759 ostia
1019 1704 1112 1773 plenis.

420 1781 581 1848 Sergestum
600 1782 710 1835 Aeneas
728 1781 862 1850 promisso
881 1797 994 1835 munere
1013 1781 1105 1849 donat,

420 1857 562 1911 Servatam
581 1856 616 1910 ob
633 1873 731 1910 navem
748 1857 837 1911 laetus
855 1857 997 1926 sociosque
1015 1857 1149 1911 reductos

421 1933 475 1987 Olli
492 1950 571 1987 serva
589 1932 678 2000 datur,
696 1949 809 2001 operum
827 1932 902 1986 haud
920 1935 1014 2001 ignara
1032 1934 1179 2000 Minervae,

419 2009 519 2063 Cressa
536 2025 628 2076 genus,
648 2008 758 2077 Pholoe,
774 2010 930 2077 geminique
948 2009 999 2063 sub
1016 2009 1102 2063 ubere
1119 2008 1184 2062 uati.
1235 2022 1272 2061 ase

455 2084 517 2138 Hoc
533 2084 594 2152 pius
613 2086 722 2140 Aeneas
739 2085 821 2138 misso
839 2086 987 2139 certamine
1005 2086 1096 2139 tendit

419 2160 595 2215 Gramineum
607 2160 635 2213 in
647 2177 780 2228 eampum,
793 2177 874 2228 quem
886 2161 1000 2214 collibus
1012 2160 1134 2228 undique
1147 2159 1237 2214 curvis

420 2236 573 2304 (lingebant
590 2236 681 2302 silvae,
700 2235 845 2303 mediaque
862 2237 890 2288 in
908 2237 977 2289 valle
995 2235 1097 2290 theatri

420 2313 514 2367 Circus
532 2316 607 2379 erat;
627 2329 681 2381 quo
700 2328 729 2365 se
747 2311 840 2364 multis
857 2328 919 2365 cum
936 2311 1046 2365 milibus
1063 2312 1144 2365 heros

419 2388 553 2442 (lonsessu
571 2388 691 2441 medium
709 2387 775 2441 tulit
792 2391 986 2456 exstructoque
1004 2388 1115 2442 resedit.
1236 2401 1273 2441 nco

420 2464 480 2530 Hic,
500 2465 546 2537 qui
563 2464 634 2518 forte
652 2464 737 2517 velint
754 2463 850 2532 rapido
868 2464 1034 2518 contendere
1052 2481 1140 2531 crusu,

419 2540 523 2593 Invitat
540 2540 637 2607 pretiis
654 2540 765 2608 animos,
785 2543 815 2594 et
831 2541 953 2610 praemia
970 2542 1054 2610 ponit.

418 2614 548 2684 Undique
566 2617 729 2670 conveniunt
746 2616 841 2671 'l'eucri
859 2618 993 2686 mixtique
1011 2616 1108 2686 Sicani,

420 2691 503 2744 Nisus
520 2695 550 2745 et
569 2691 702 2759 Euryalus
720 2692 809 2761 primi,

417 2768 550 2835 Euryalus
567 2766 655 2821 forma
671 2768 784 2838 insignis
801 2769 937 2837 viridique
954 2770 1072 2838 iuventa,
1235 2792 1273 2833 295

417 2844 500 2897 Nisus
518 2860 611 2897 amore
627 2844 673 2912 pio
690 2845 787 2913 pueri3
806 2862 875 2914 quos
893 2845 994 2900 deinde
1012 2849 1122 2900 secutus

418 2920 522 2987 Regius
539 2920 651 2988 egregia
669 2921 770 2975 Priami
788 2921 823 2975 de
842 2921 929 2988 stirpe
948 2921 1061 2986 Diores;

418 2996 500 3050 Hunc
512 2996 601 3050 Salius
614 2996 735 3051 simulet
749 2999 859 3064 Patron,
873 3013 989 3064 quorum
1001 2997 1072 3050 alter
1085 2998 1222 3066 Acarnan,

417 3072 500 3126 Alter
518 3071 553 3125 ab
574 3073 694 3127 Arcadio
713 3073 852 3141 Tegeaeae
871 3074 1001 3140 sanguine
1019 3074 1125 3140 gentis;

416 3148 485 3201 Turn
497 3147 553 3202 duo
565 3148 696 3204 Trinacrii
713 3150 832 3215 iuvenes,
852 3148 986 3217 Helymus
1005 3148 1191 3219 Panopesque,
1235 3164 1273 3204 sos
1335 3153 1344 3164 ‘

417 3221 537 3277 Adsueti
555 3224 637 3292 silvis,
656 3226 769 3279 comites
787 3225 901 3279 senioris
920 3225 1054 3291 Acestae;

416 3297 499 3352 Multi
515 3304 665 3369 praeterea,
684 3316 752 3371 quos
769 3301 843 3354 fama
860 3300 975 3354 obscura
992 3302 1123 3356 recondit.

416 3376 526 3429 Aeneas
543 3376 642 3445 quibus
659 3378 687 3431 in
705 3376 804 3431 mediis
821 3378 859 3431 sic
878 3376 978 3432 deinde
995 3377 1116 3433 locutus:

417 3451 544 3520 Accipite
562 3452 628 3506 haec
646 3452 751 3520 animis,
768 3452 911 3522 laetasque
928 3453 1069 3507 advertite
1083 3455 1217 3528 mentesa

414 3524 503 3579 Nemo
520 3544 554 3580 er
571 3526 623 3581 lroc
639 3544 755 3584 numero
773 3529 843 3586 mihi
858 3547 918 3586 non
936 3529 1063 3585 donatus
1079 3527 1190 3581 aurunt.
1264 3528 1313 3567 We

406 3599 506 3683 Gneus
523 3601 589 3657 bina
607 3604 681 3660 dabo
700 3606 799 3665 levato
816 3608 919 3666 lucida
935 3609 1021 3665 terro

390 3670 506 3738 ΒΡΜΗΙΒ
521 3680 728 3755 caelatamque
745 3692 881 3760 argento
899 3689 987 3745 terre
998 3684 1205 3766 bipennem
