3467 4367
694 650 881 701 AENEIDOS
897 650 966 703 LIB.
985 649 1037 702 XI.
1064 671 1076 698 a
1246 653 1294 705 8⁰9

444 730 531 784 Anna
548 730 692 799 virumque
709 732 817 799 fcrens3
834 736 896 788 tum
913 750 1020 788 summa
1038 734 1126 805 ipsius
1143 732 1180 788 ab
1196 731 1277 788 hasta

443 806 582 874 Dehinglt
599 806 709 875 semum,
727 812 757 862 et
773 810 861 879 partis
879 810 996 863 rimatur
1012 814 1130 879 apertas,

381 893 383 895 ’
443 881 503 945 Qua
521 884 616 936 volnus
634 883 716 936 letale
733 885 819 949 ierat3
836 889 933 939 contra
949 885 997 939 ille
1014 901 1171 956 repugnans

442 957 565 1012 Sustinet
583 975 600 1012 a
617 959 709 1027 iugulo
727 960 863 1028 dextram,
881 963 911 1015 et
928 961 984 1015 vim
1000 962 1105 1016 viribus
1122 960 1188 1017 exit
1255 971 1294 1017 ao

442 1032 537 1103 thue
554 1034 647 1088 volans
665 1033 721 1089 alte
738 1039 848 1103 raptum
866 1052 928 1089 cum
945 1037 1020 1092 fulva
1037 1035 1199 1093 draconem¹

442 1110 511 1163 Fert
522 1110 620 1179 aquila,
632 1109 811 1179 inplicuitquc
823 1111 917 1181 pedes,
927 1116 1013 1183 etque
1023 1114 1161 1183 unguibus
1171 1112 1261 1169 haesit
1267 1133 1276 1181 ς

442 1186 555 1245 Saucius
572 1189 603 1242 at
619 1202 733 1257 serpens
750 1187 859 1242 sinuosa
876 1188 1014 1243 volumina
1030 1193 1130 1259 versat,

442 1262 623 1331 arrectisque
639 1262 735 1318 horret
752 1263 881 1333 squamis,
900 1268 930 1318 et
947 1264 1040 1319 sibilat
1056 1280 1111 1333 erc,
1226 1299 1235 1312 ·

441 1337 556 1392 Arduus
566 1340 725 1408 insurgens3
737 1338 784 1393 illa
795 1338 870 1393 haud
881 1339 972 1393 minus
983 1343 1084 1408 urguet
1095 1339 1200 1395 obunco
1255 1351 1292 1397 τω

441 1413 605 1469 Luctantem
623 1419 728 1479 rostro;
745 1415 825 1468 simul
843 1414 959 1470 aethera
975 1415 1103 1471 verberat
1120 1415 1188 1472 alis:

443 1490 527 1543 Haud
544 1490 625 1544 aliter
642 1489 772 1557 praedam
790 1489 936 1545 Tiburtum
954 1507 988 1545 ex
1006 1491 1116 1559 agmine
1134 1490 1256 1546 Tarchon

443 1564 539 1617 Portat
556 1580 646 1618 ovans.
681 1564 766 1619 Ducis
783 1564 939 1633 exemplum
958 1569 1142 1634 eventumque
1158 1566 1245 1621 secuti
1271 1565 1277 1638 j

441 1639 602 1693 Maeonidae
619 1640 768 1700 incummt.
805 1640 874 1694 Tum
891 1641 956 1695 fatis
973 1641 1084 1695 debitus
1104 1644 1211 1697 Arruns

441 1714 570 1769 Velocem
587 1715 675 1770 iaculo
693 1719 722 1771 et
740 1716 828 1771 multa
843 1716 921 1786 prior
938 1720 1000 1772 arte
1019 1717 1161 1773 Camillam
1255 1731 1292 1774 roo

440 1789 552 1857 (lircuit,
571 1794 607 1859 et,
625 1808 697 1861 quae
714 1793 752 1846 sit
768 1793 879 1848 fortuna
895 1794 1030 1862 facillima,
1048 1797 1174 1864 temptat

440 1865 501 1929 Qua
518 1882 548 1921 se
564 1883 681 1937 cumque
698 1868 792 1923 furem
809 1867 901 1923 medio
918 1869 984 1924 tulit
1001 1870 1109 1938 agmine
1128 1871 1213 1939 virgo,

440 1942 501 1996 Hac
519 1944 627 1998 Arruns
644 1945 725 2010 subit,
744 1948 773 1998 et
790 1944 892 1998 tacitus
909 1946 1024 2013 vestigia
1041 1946 1161 2012 lustrat;

439 2018 500 2083 Qua
516 2019 614 2073 victrix
631 2020 705 2073 redit
721 2019 769 2072 illa
785 2020 941 2088 pedemque
958 2037 993 2074 ex
1009 2020 1089 2075 hoste
1106 2022 1239 2090 reportat,

439 2094 501 2149 llac
517 2095 623 2149 iuvenis
640 2095 734 2148 furtim
752 2095 849 2149 celeris
866 2095 1015 2164 detorquet
1032 2095 1159 2150 habenas
1252 2109 1290 2152 tto

440 2169 499 2223 Hos
516 2170 616 2238 aditus,
634 2171 743 2238 iamque
759 2169 810 2222 hos
828 2170 928 2236 aditus,
947 2187 1110 2241 omnemque
1127 2174 1255 2240 pererrat

438 2245 570 2315 Undique
582 2246 733 2312 circuitum,
745 2247 776 2298 et
786 2248 890 2298 certam
903 2246 994 2313 quatit
1004 2246 1136 2316 inprobus
1147 2247 1265 2305 hastam.
1287 2265 1290 2270 ·

439 2322 524 2376 Forte
542 2338 619 2376 sacer
636 2320 754 2391 Cybelae
772 2320 905 2375 Chloreus
922 2321 1042 2390 olimque
1060 2323 1186 2378 sacerdos

439 2398 557 2466 Insignis
574 2398 655 2467 longe
674 2397 798 2466 Phrygiis
815 2396 940 2465 fulgebat
957 2398 986 2451 in
1003 2399 1093 2466 armis,

438 2472 672 2545 Spumantemque
683 2473 807 2543 agitabat
818 2490 927 2543 equum,
940 2490 1022 2543 quem
1034 2474 1113 2543 pellis
1125 2473 1201 2529 aenis
1252 2486 1290 2531 lto

439 2549 473 2603 In
491 2550 611 2618 plumam
629 2550 750 2620 squamis
766 2567 833 2604 auro
850 2553 976 2605 conserta
993 2550 1112 2619 tegebat

439 2625 511 2693 Ipse,
529 2628 673 2696 peregrina
689 2628 827 2695 ferrugine
844 2627 934 2681 clarus
952 2630 981 2682 et
999 2632 1081 2693 ostro,

438 2701 548 2768 Spicula
565 2702 714 2771 torquebat
731 2704 813 2771 Lycio
831 2703 964 2771 Gortynia
981 2720 1078 2771 cornu;

439 2779 550 2830 Aureus
568 2794 601 2830 ex
619 2777 732 2831 humero
749 2781 828 2833 sonat
844 2795 932 2846 arcus,
949 2782 979 2834 et
996 2796 1078 2833 aurea
1094 2779 1152 2834 vati
1263 2785 1266 2791 '

439 2851 566 2917 Cassida3
589 2851 649 2906 tum
675 2870 797 2908 croceam
823 2854 1049 2923 chlamydemque
1072 2856 1202 2925 sinusque
1231 2868 1289 2909 cre

507 2927 599 2996 pantis
1252 2941 1290 2987 wa

438 3003 588 3058 carbaseos
605 3003 679 3057 fulvo
696 3003 725 3057 in
741 3002 843 3057 nodum
860 3004 1008 3072 collegerat
1026 3020 1098 3074 auro,

439 3080 532 3134 Pictus
550 3097 601 3134 acu
618 3080 723 3133 tunicas
741 3082 771 3134 et
787 3078 906 3134 barbara
923 3080 1044 3149 tegmina
1061 3095 1178 3136 crurum

439 3156 520 3209 Hunc
537 3156 621 3225 virgo,
641 3156 697 3210 sivo
713 3158 746 3210 ut
764 3156 875 3225 templis
892 3156 1058 3225 praefigeret
1075 3172 1152 3211 arma

439 3230 526 3298 Troia,
543 3233 651 3301 captivo
669 3232 726 3287 sive
743 3236 777 3287 ut
794 3249 824 3287 se
840 3232 927 3288 ferret
944 3232 973 3286 in
990 3248 1064 3301 auro,

438 3305 573 3361 Venatrix
591 3325 676 3362 ununr
693 3326 728 3364 ex
746 3309 819 3363 omni
837 3308 987 3364 certamine
1004 3326 1111 3380 pugnae
1252 3322 1290 3368 780

440 3380 528 3435 Caeca
545 3384 720 3453 sequebatur,
737 3388 882 3456 totumque
900 3384 1009 3440 incauta
1026 3402 1077 3455 per
1094 3402 1191 3456 agmen

439 3456 569 3512 Femineo
586 3459 705 3527 praedae
722 3464 753 3516 ct
770 3462 917 3531 spoliorum
935 3461 1053 3517 ardebat
1069 3479 1186 3517 amensa

439 3533 533 3587 Telum
551 3551 585 3589 ex
603 3535 711 3593 insidiis
728 3554 793 3595 cum
807 3538 931 3595 tandem
943 3541 1083 3607 tempore
1098 3537 1188 3598 mum

432 3609 558 3665 Concitet
577 3616 608 3669 et
627 3632 750 3687 superos
771 3620 889 3676 hri-uns
906 3617 951 3672 sic
965 3631 1043 3670 uoce
1058 3606 1230 3679 vescatur·-

419 3682 539 3743 Summe
556 3689 657 3767 deum,
678 3697 779 3755 sancti
794 3700 903 3755 custos
919 3690 1063 3750 Seruatus
1087 3672 1212 3749 &ww
1313 3713 1318 3722 ·

1336 3649 1365 3688 'S
