<?xml version="1.0" encoding="UTF-8"?>
<!DOCTYPE html PUBLIC "-//W3C//DTD XHTML 1.0 Transitional//EN"
    "http://www.w3.org/TR/xhtml1/DTD/xhtml1-transitional.dtd">
<html xmlns="http://www.w3.org/1999/xhtml" xml:lang="en" lang="en">
 <head>
  <title>
</title>
<meta http-equiv="Content-Type" content="text/html;charset=utf-8" />
  <meta name='ocr-system' content='tesseract 3.04.00' />
  <meta name='ocr-capabilities' content='ocr_page ocr_carea ocr_par ocr_line ocrx_word'/>
</head>
<body>
  <div class='ocr_page' id='page_1' title='image "./publivergilimar02virggoog/publivergilimar02virggoog_0194.png"; bbox 0 0 3467 4367; ppageno 0'>
   <div class='ocr_carea' id='block_1_1' title="bbox 464 667 1089 721">
    <p class='ocr_par' dir='ltr' id='par_1_1' title="bbox 464 667 1089 721">
     <span class='ocr_line' id='line_1_1' title="bbox 464 667 1089 721; baseline -0.006 0"><span class='ocrx_word' id='word_1_1' title='bbox 464 675 512 721; x_wconf 81' lang='lat'>184</span> <span class='ocrx_word' id='word_1_2' title='bbox 704 668 733 717; x_wconf 87' lang='lat' dir='ltr'>P.</span> <span class='ocrx_word' id='word_1_3' title='bbox 751 667 906 716; x_wconf 86' lang='lat' dir='ltr'>VERGILI</span> <span class='ocrx_word' id='word_1_4' title='bbox 923 667 1089 718; x_wconf 82' lang='lat' dir='ltr'><strong>MARONIS</strong></span> 
     </span>
    </p>
   </div>
   <div class='ocr_carea' id='block_1_2' title="bbox 364 746 1334 3793">
    <p class='ocr_par' dir='ltr' id='par_1_2' title="bbox 364 746 1334 3793">
     <span class='ocr_line' id='line_1_2' title="bbox 464 746 1210 819; baseline -0.005 -13"><span class='ocrx_word' id='word_1_5' title='bbox 464 751 609 819; x_wconf 74' lang='lat' dir='ltr'><strong>Daedalus,</strong></span> <span class='ocrx_word' id='word_1_6' title='bbox 627 748 685 817; x_wconf 88' lang='lat' dir='ltr'>ipse</span> <span class='ocrx_word' id='word_1_7' title='bbox 704 747 781 801; x_wconf 92' lang='lat' dir='ltr'>dolos</span> <span class='ocrx_word' id='word_1_8' title='bbox 799 746 868 800; x_wconf 90' lang='lat' dir='ltr'>tecti</span> <span class='ocrx_word' id='word_1_9' title='bbox 887 746 1071 815; x_wconf 71' lang='lat' dir='ltr'>ambagesque</span> <span class='ocrx_word' id='word_1_10' title='bbox 1089 747 1210 816; x_wconf 85' lang='lat' dir='ltr'>resolvit,</span> 
     </span>
     <span class='ocr_line' id='line_1_3' title="bbox 432 822 1324 893; baseline -0.001 -12"><span class='ocrx_word' id='word_1_11' title='bbox 432 874 434 880; x_wconf 94' lang='lat'><em>.</em></span> <span class='ocrx_word' id='word_1_12' title='bbox 464 827 552 881; x_wconf 77' lang='lat' dir='ltr'>Caeca</span> <span class='ocrx_word' id='word_1_13' title='bbox 569 840 666 893; x_wconf 84' lang='lat' dir='ltr'>regens</span> <span class='ocrx_word' id='word_1_14' title='bbox 685 824 731 876; x_wconf 91' lang='lat' dir='ltr'>filo</span> <span class='ocrx_word' id='word_1_15' title='bbox 748 822 872 891; x_wconf 77' lang='lat' dir='ltr'>vestigia</span> <span class='ocrx_word' id='word_1_16' title='bbox 909 822 951 876; x_wconf 89' lang='lat' dir='ltr'>Tu</span> <span class='ocrx_word' id='word_1_17' title='bbox 969 839 1078 892; x_wconf 90' lang='lat' dir='ltr'>quoque</span> <span class='ocrx_word' id='word_1_18' title='bbox 1096 840 1224 892; x_wconf 79' lang='lat' dir='ltr'>magnam</span> <span class='ocrx_word' id='word_1_19' title='bbox 1298 838 1324 880; x_wconf 83' lang='lat' dir='ltr'>at</span> 
     </span>
     <span class='ocr_line' id='line_1_4' title="bbox 364 898 1301 968; baseline 0.006 -17"><span class='ocrx_word' id='word_1_20' title='bbox 364 937 367 944; x_wconf 89' lang='lat'><em>.</em></span> <span class='ocrx_word' id='word_1_21' title='bbox 410 901 576 955; x_wconf 55' lang='lat' dir='ltr'>,fPartom</span> <span class='ocrx_word' id='word_1_22' title='bbox 594 915 676 968; x_wconf 92' lang='lat' dir='ltr'>opere</span> <span class='ocrx_word' id='word_1_23' title='bbox 693 899 722 951; x_wconf 92' lang='lat' dir='ltr'>in</span> <span class='ocrx_word' id='word_1_24' title='bbox 740 902 826 966; x_wconf 89' lang='lat' dir='ltr'>tanto,</span> <span class='ocrx_word' id='word_1_25' title='bbox 846 900 948 953; x_wconf 88' lang='lat' dir='ltr'>sineret</span> <span class='ocrx_word' id='word_1_26' title='bbox 967 898 1052 968; x_wconf 89' lang='lat' dir='ltr'>dolor,</span> <span class='ocrx_word' id='word_1_27' title='bbox 1071 900 1158 966; x_wconf 89' lang='lat' dir='ltr'>Icare,</span> <span class='ocrx_word' id='word_1_28' title='bbox 1176 899 1301 956; x_wconf 80' lang='lat' dir='ltr'>haberes.</span> 
     </span>
     <span class='ocr_line' id='line_1_5' title="bbox 465 974 1115 1043; baseline -0.003 -12"><span class='ocrx_word' id='word_1_29' title='bbox 465 978 514 1031; x_wconf 93' lang='lat' dir='ltr'>Bis</span> <span class='ocrx_word' id='word_1_30' title='bbox 532 979 644 1030; x_wconf 90' lang='lat' dir='ltr'>conatus</span> <span class='ocrx_word' id='word_1_31' title='bbox 662 978 723 1029; x_wconf 90' lang='lat' dir='ltr'>erat</span> <span class='ocrx_word' id='word_1_32' title='bbox 741 991 820 1028; x_wconf 86' lang='lat' dir='ltr'>casus</span> <span class='ocrx_word' id='word_1_33' title='bbox 838 975 968 1043; x_wconf 81' lang='lat' dir='ltr'>effingere</span> <span class='ocrx_word' id='word_1_34' title='bbox 986 974 1015 1028; x_wconf 94' lang='lat' dir='ltr'>in</span> <span class='ocrx_word' id='word_1_35' title='bbox 1033 992 1115 1041; x_wconf 90' lang='lat' dir='ltr'>auro;</span> 
     </span>
     <span class='ocr_line' id='line_1_6' title="bbox 466 1051 1268 1123; baseline 0.001 -17"><span class='ocrx_word' id='word_1_36' title='bbox 466 1054 514 1107; x_wconf 92' lang='lat' dir='ltr'>Bis</span> <span class='ocrx_word' id='word_1_37' title='bbox 533 1053 637 1123; x_wconf 76' lang='lat' dir='ltr'><strong>patriae</strong></span> <span class='ocrx_word' id='word_1_38' title='bbox 656 1051 780 1105; x_wconf 84' lang='lat' dir='ltr'>cecidere</span> <span class='ocrx_word' id='word_1_39' title='bbox 798 1068 903 1106; x_wconf 89' lang='lat' dir='ltr'>manus.</span> <span class='ocrx_word' id='word_1_40' title='bbox 941 1051 1012 1116; x_wconf 79' lang='lat' dir='ltr'>Quin</span> <span class='ocrx_word' id='word_1_41' title='bbox 1030 1051 1156 1120; x_wconf 89' lang='lat' dir='ltr'>protinus</span> <span class='ocrx_word' id='word_1_42' title='bbox 1173 1052 1268 1107; x_wconf 84' lang='lat' dir='ltr'>omnia</span> 
     </span>
     <span class='ocr_line' id='line_1_7' title="bbox 466 1127 1198 1196; baseline -0.001 -14"><span class='ocrx_word' id='word_1_43' title='bbox 466 1129 643 1196; x_wconf 81' lang='lat' dir='ltr'>Perlegereut</span> <span class='ocrx_word' id='word_1_44' title='bbox 661 1127 753 1196; x_wconf 89' lang='lat' dir='ltr'>oculis,</span> <span class='ocrx_word' id='word_1_45' title='bbox 771 1128 799 1180; x_wconf 94' lang='lat' dir='ltr'>ni</span> <span class='ocrx_word' id='word_1_46' title='bbox 816 1128 871 1180; x_wconf 90' lang='lat' dir='ltr'>iam</span> <span class='ocrx_word' id='word_1_47' title='bbox 890 1128 1055 1196; x_wconf 87' lang='lat' dir='ltr'>praemissus</span> <span class='ocrx_word' id='word_1_48' title='bbox 1075 1127 1198 1181; x_wconf 87' lang='lat' dir='ltr'>Achates</span> 
     </span>
     <span class='ocr_line' id='line_1_8' title="bbox 466 1199 1327 1273; baseline -0.001 -13"><span class='ocrx_word' id='word_1_49' title='bbox 466 1206 585 1260; x_wconf 81' lang='lat' dir='ltr'>Adferat</span> <span class='ocrx_word' id='word_1_50' title='bbox 602 1207 685 1273; x_wconf 84' lang='lat' dir='ltr'>atque</span> <span class='ocrx_word' id='word_1_51' title='bbox 703 1220 758 1257; x_wconf 86' lang='lat' dir='ltr'>una</span> <span class='ocrx_word' id='word_1_52' title='bbox 776 1204 881 1257; x_wconf 83' lang='lat' dir='ltr'>Phoebi</span> <span class='ocrx_word' id='word_1_53' title='bbox 900 1199 1061 1272; x_wconf 87' lang='lat' dir='ltr'>Triviaeque</span> <span class='ocrx_word' id='word_1_54' title='bbox 1079 1202 1214 1269; x_wconf 83' lang='lat' dir='ltr'>sacerdos,</span> <span class='ocrx_word' id='word_1_55' title='bbox 1301 1218 1327 1259; x_wconf 80' lang='lat' dir='ltr'>as</span> 
     </span>
     <span class='ocr_line' id='line_1_9' title="bbox 466 1279 1087 1349; baseline -0.002 -15"><span class='ocrx_word' id='word_1_56' title='bbox 466 1280 608 1349; x_wconf 85' lang='lat' dir='ltr'><strong>Deiphobe</strong></span> <span class='ocrx_word' id='word_1_57' title='bbox 626 1280 730 1348; x_wconf 80' lang='lat' dir='ltr'><strong>Glauci,</strong></span> <span class='ocrx_word' id='word_1_58' title='bbox 748 1280 823 1333; x_wconf 86' lang='lat' dir='ltr'>fatur</span> <span class='ocrx_word' id='word_1_59' title='bbox 842 1296 913 1347; x_wconf 89' lang='lat' dir='ltr'>quae</span> <span class='ocrx_word' id='word_1_60' title='bbox 930 1279 996 1333; x_wconf 86' lang='lat' dir='ltr'>talia</span> <span class='ocrx_word' id='word_1_61' title='bbox 1014 1280 1087 1347; x_wconf 82' lang='lat' dir='ltr'>regi:</span> 
     </span>
     <span class='ocr_line' id='line_1_10' title="bbox 466 1355 1158 1425; baseline 0 -16"><span class='ocrx_word' id='word_1_62' title='bbox 466 1356 528 1409; x_wconf 89' lang='lat' dir='ltr'>Non</span> <span class='ocrx_word' id='word_1_63' title='bbox 546 1356 597 1410; x_wconf 90' lang='lat' dir='ltr'>boc</span> <span class='ocrx_word' id='word_1_64' title='bbox 615 1356 668 1410; x_wconf 88' lang='lat' dir='ltr'>ista</span> <span class='ocrx_word' id='word_1_65' title='bbox 686 1357 737 1409; x_wconf 90' lang='lat' dir='ltr'>sibi</span> <span class='ocrx_word' id='word_1_66' title='bbox 755 1360 865 1425; x_wconf 91' lang='lat' dir='ltr'>tempus</span> <span class='ocrx_word' id='word_1_67' title='bbox 884 1356 1038 1425; x_wconf 82' lang='lat' dir='ltr'>spectacula</span> <span class='ocrx_word' id='word_1_68' title='bbox 1055 1355 1158 1424; x_wconf 89' lang='lat' dir='ltr'>poscit;</span> 
     </span>
     <span class='ocr_line' id='line_1_11' title="bbox 466 1431 1282 1501; baseline 0 -16"><span class='ocrx_word' id='word_1_69' title='bbox 466 1433 492 1485; x_wconf 92' lang='lat' dir='ltr'>N</span> <span class='ocrx_word' id='word_1_70' title='bbox 495 1449 546 1486; x_wconf 91' lang='lat' dir='ltr'>unc</span> <span class='ocrx_word' id='word_1_71' title='bbox 562 1449 647 1500; x_wconf 85' lang='lat' dir='ltr'>grego</span> <span class='ocrx_word' id='word_1_72' title='bbox 664 1431 699 1485; x_wconf 91' lang='lat' dir='ltr'>de</span> <span class='ocrx_word' id='word_1_73' title='bbox 718 1433 820 1486; x_wconf 88' lang='lat' dir='ltr'>intacto</span> <span class='ocrx_word' id='word_1_74' title='bbox 839 1436 946 1501; x_wconf 87' lang='lat' dir='ltr'>septem</span> <span class='ocrx_word' id='word_1_75' title='bbox 965 1435 1085 1485; x_wconf 88' lang='lat' dir='ltr'>mactare</span> <span class='ocrx_word' id='word_1_76' title='bbox 1103 1431 1231 1485; x_wconf 82' lang='lat' dir='ltr'>iuvencos</span> <span class='ocrx_word' id='word_1_77' title='bbox 1278 1461 1282 1467; x_wconf 94' lang='lat'>·</span> 
     </span>
     <span class='ocr_line' id='line_1_12' title="bbox 467 1506 1185 1575; baseline -0.001 -15"><span class='ocrx_word' id='word_1_78' title='bbox 467 1507 649 1575; x_wconf 87' lang='lat' dir='ltr'>Praestiterit‚</span> <span class='ocrx_word' id='word_1_79' title='bbox 668 1508 787 1561; x_wconf 90' lang='lat' dir='ltr'>totidem</span> <span class='ocrx_word' id='word_1_80' title='bbox 804 1508 891 1561; x_wconf 87' lang='lat' dir='ltr'>lectas</span> <span class='ocrx_word' id='word_1_81' title='bbox 909 1507 945 1560; x_wconf 91' lang='lat' dir='ltr'>de</span> <span class='ocrx_word' id='word_1_82' title='bbox 964 1524 1039 1560; x_wconf 91' lang='lat' dir='ltr'>more</span> <span class='ocrx_word' id='word_1_83' title='bbox 1058 1506 1185 1560; x_wconf 77' lang='lat' dir='ltr'>bidentis,</span> 
     </span>
     <span class='ocr_line' id='line_1_13' title="bbox 467 1583 1328 1654; baseline 0.003 -18"><span class='ocrx_word' id='word_1_84' title='bbox 467 1583 578 1637; x_wconf 78' lang='lat' dir='ltr'>Talibus</span> <span class='ocrx_word' id='word_1_85' title='bbox 596 1584 689 1637; x_wconf 81' lang='lat' dir='ltr'>adfata</span> <span class='ocrx_word' id='word_1_86' title='bbox 708 1587 1003 1654; x_wconf 14' lang='lat' dir='ltr'>Aenean—necvsacra</span> <span class='ocrx_word' id='word_1_87' title='bbox 1022 1585 1163 1636; x_wconf 90' lang='lat' dir='ltr'>morantur</span> <span class='ocrx_word' id='word_1_88' title='bbox 1303 1599 1328 1639; x_wconf 68' lang='lat' dir='ltr'>a)</span> 
     </span>
     <span class='ocr_line' id='line_1_14' title="bbox 468 1657 1258 1727; baseline 0.003 -15"><span class='ocrx_word' id='word_1_89' title='bbox 468 1659 547 1712; x_wconf 91' lang='lat' dir='ltr'>Iussa</span> <span class='ocrx_word' id='word_1_90' title='bbox 564 1659 769 1713; x_wconf 82' lang='lat' dir='ltr'>viri-Teucros</span> <span class='ocrx_word' id='word_1_91' title='bbox 787 1663 865 1713; x_wconf 88' lang='lat' dir='ltr'>vocat</span> <span class='ocrx_word' id='word_1_92' title='bbox 883 1659 940 1714; x_wconf 87' lang='lat' dir='ltr'>alta</span> <span class='ocrx_word' id='word_1_93' title='bbox 957 1660 985 1712; x_wconf 95' lang='lat' dir='ltr'>in</span> <span class='ocrx_word' id='word_1_94' title='bbox 1002 1658 1106 1727; x_wconf 86' lang='lat' dir='ltr'>templa</span> <span class='ocrx_word' id='word_1_95' title='bbox 1123 1657 1258 1714; x_wconf 86' lang='lat' dir='ltr'>sacerdos.</span> 
     </span>
     <span class='ocr_line' id='line_1_15' title="bbox 502 1730 1270 1804; baseline 0 -15"><span class='ocrx_word' id='word_1_96' title='bbox 502 1735 631 1789; x_wconf 78' lang='lat' dir='ltr'>Excisum</span> <span class='ocrx_word' id='word_1_97' title='bbox 651 1734 787 1794; x_wconf 75' lang='lat' dir='ltr'>Euboicae</span> <span class='ocrx_word' id='word_1_98' title='bbox 805 1735 879 1789; x_wconf 88' lang='lat' dir='ltr'>latus</span> <span class='ocrx_word' id='word_1_99' title='bbox 896 1736 992 1803; x_wconf 80' lang='lat' dir='ltr'>ingens</span> <span class='ocrx_word' id='word_1_100' title='bbox 1010 1734 1085 1803; x_wconf 90' lang='lat' dir='ltr'>rupis</span> <span class='ocrx_word' id='word_1_101' title='bbox 1104 1734 1133 1787; x_wconf 95' lang='lat' dir='ltr'>in</span> <span class='ocrx_word' id='word_1_102' title='bbox 1151 1730 1270 1804; x_wconf 87' lang='lat' dir='ltr'>antrum,</span> 
     </span>
     <span class='ocr_line' id='line_1_16' title="bbox 469 1810 1197 1879; baseline 0.001 -17"><span class='ocrx_word' id='word_1_103' title='bbox 469 1811 528 1876; x_wconf 84' lang='lat' dir='ltr'>Quo</span> <span class='ocrx_word' id='word_1_104' title='bbox 546 1811 594 1863; x_wconf 92' lang='lat' dir='ltr'>lati</span> <span class='ocrx_word' id='word_1_105' title='bbox 614 1811 717 1863; x_wconf 89' lang='lat' dir='ltr'>ducunt</span> <span class='ocrx_word' id='word_1_106' title='bbox 736 1811 828 1864; x_wconf 88' lang='lat' dir='ltr'>aditus</span> <span class='ocrx_word' id='word_1_107' title='bbox 845 1814 963 1879; x_wconf 86' lang='lat' dir='ltr'>contum,</span> <span class='ocrx_word' id='word_1_108' title='bbox 982 1810 1053 1865; x_wconf 87' lang='lat' dir='ltr'>ostia</span> <span class='ocrx_word' id='word_1_109' title='bbox 1071 1812 1197 1876; x_wconf 88' lang='lat' dir='ltr'>centum;</span> 
     </span>
     <span class='ocr_line' id='line_1_17' title="bbox 468 1885 1188 1955; baseline 0.001 -15"><span class='ocrx_word' id='word_1_110' title='bbox 468 1886 550 1941; x_wconf 87' lang='lat' dir='ltr'>Unde</span> <span class='ocrx_word' id='word_1_111' title='bbox 567 1890 652 1939; x_wconf 86' lang='lat' dir='ltr'>ruunt</span> <span class='ocrx_word' id='word_1_112' title='bbox 670 1886 789 1940; x_wconf 85' lang='lat' dir='ltr'>totidem</span> <span class='ocrx_word' id='word_1_113' title='bbox 808 1902 894 1953; x_wconf 89' lang='lat' dir='ltr'>voces,</span> <span class='ocrx_word' id='word_1_114' title='bbox 912 1904 1043 1955; x_wconf 77' lang='lat' dir='ltr'>respousa</span> <span class='ocrx_word' id='word_1_115' title='bbox 1063 1885 1188 1954; x_wconf 80' lang='lat' dir='ltr'>Sibyllae.</span> 
     </span>
     <span class='ocr_line' id='line_1_18' title="bbox 469 1962 1329 2031; baseline 0.001 -15"><span class='ocrx_word' id='word_1_116' title='bbox 469 1962 591 2016; x_wconf 79' lang='lat' dir='ltr'>Ventum</span> <span class='ocrx_word' id='word_1_117' title='bbox 610 1966 670 2016; x_wconf 88' lang='lat' dir='ltr'>erat</span> <span class='ocrx_word' id='word_1_118' title='bbox 689 1962 726 2015; x_wconf 90' lang='lat' dir='ltr'>ad</span> <span class='ocrx_word' id='word_1_119' title='bbox 742 1962 834 2031; x_wconf 89' lang='lat' dir='ltr'>limen,</span> <span class='ocrx_word' id='word_1_120' title='bbox 852 1980 914 2017; x_wconf 86' lang='lat' dir='ltr'>cum</span> <span class='ocrx_word' id='word_1_121' title='bbox 933 1963 1017 2031; x_wconf 80' lang='lat' dir='ltr'>virgo,</span> <span class='ocrx_word' id='word_1_122' title='bbox 1037 1963 1153 2017; x_wconf 88' lang='lat' dir='ltr'>Poscere</span> <span class='ocrx_word' id='word_1_123' title='bbox 1171 1962 1231 2016; x_wconf 86' lang='lat' dir='ltr'>fata</span> <span class='ocrx_word' id='word_1_124' title='bbox 1303 1976 1329 2017; x_wconf 76' lang='lat'>4⁵</span> 
     </span>
     <span class='ocr_line' id='line_1_19' title="bbox 469 2038 1216 2108; baseline -0.001 -16"><span class='ocrx_word' id='word_1_125' title='bbox 469 2038 594 2106; x_wconf 80' lang='lat' dir='ltr'>Tempus,</span> <span class='ocrx_word' id='word_1_126' title='bbox 613 2038 667 2104; x_wconf 87' lang='lat' dir='ltr'>ait;</span> <span class='ocrx_word' id='word_1_127' title='bbox 685 2038 762 2108; x_wconf 91' lang='lat' dir='ltr'>deus,</span> <span class='ocrx_word' id='word_1_128' title='bbox 781 2055 851 2107; x_wconf 88' lang='lat' dir='ltr'>ecee,</span> <span class='ocrx_word' id='word_1_129' title='bbox 872 2039 955 2095; x_wconf 90' lang='lat' dir='ltr'>deus!</span> <span class='ocrx_word' id='word_1_130' title='bbox 994 2039 1045 2093; x_wconf 80' lang='lat' dir='ltr'>(lui</span> <span class='ocrx_word' id='word_1_131' title='bbox 1063 2038 1129 2093; x_wconf 85' lang='lat' dir='ltr'>talia</span> <span class='ocrx_word' id='word_1_132' title='bbox 1147 2038 1216 2092; x_wconf 84' lang='lat' dir='ltr'>fanti</span> 
     </span>
     <span class='ocr_line' id='line_1_20' title="bbox 469 2114 1189 2184; baseline -0.001 -16"><span class='ocrx_word' id='word_1_133' title='bbox 469 2116 545 2168; x_wconf 84' lang='lat' dir='ltr'>Ante</span> <span class='ocrx_word' id='word_1_134' title='bbox 562 2114 634 2169; x_wconf 85' lang='lat' dir='ltr'>iores</span> <span class='ocrx_word' id='word_1_135' title='bbox 652 2114 743 2169; x_wconf 90' lang='lat' dir='ltr'>subito</span> <span class='ocrx_word' id='word_1_136' title='bbox 761 2131 815 2168; x_wconf 93' lang='lat' dir='ltr'>non</span> <span class='ocrx_word' id='word_1_137' title='bbox 833 2116 930 2184; x_wconf 88' lang='lat' dir='ltr'>voltus,</span> <span class='ocrx_word' id='word_1_138' title='bbox 948 2132 1003 2170; x_wconf 91' lang='lat' dir='ltr'>non</span> <span class='ocrx_word' id='word_1_139' title='bbox 1021 2115 1095 2171; x_wconf 90' lang='lat' dir='ltr'>color</span> <span class='ocrx_word' id='word_1_140' title='bbox 1112 2131 1189 2182; x_wconf 89' lang='lat' dir='ltr'>unus,</span> 
     </span>
     <span class='ocr_line' id='line_1_21' title="bbox 469 2190 1284 2261; baseline 0.001 -18"><span class='ocrx_word' id='word_1_141' title='bbox 469 2190 532 2244; x_wconf 90' lang='lat' dir='ltr'>Nou</span> <span class='ocrx_word' id='word_1_142' title='bbox 550 2194 674 2259; x_wconf 84' lang='lat' dir='ltr'>comptae</span> <span class='ocrx_word' id='word_1_143' title='bbox 692 2207 818 2244; x_wconf 87' lang='lat' dir='ltr'>mansere</span> <span class='ocrx_word' id='word_1_144' title='bbox 836 2208 944 2257; x_wconf 90' lang='lat' dir='ltr'>comae;</span> <span class='ocrx_word' id='word_1_145' title='bbox 963 2191 1013 2246; x_wconf 89' lang='lat' dir='ltr'>sed</span> <span class='ocrx_word' id='word_1_146' title='bbox 1030 2194 1127 2261; x_wconf 89' lang='lat' dir='ltr'>pectus</span> <span class='ocrx_word' id='word_1_147' title='bbox 1147 2190 1284 2260; x_wconf 84' lang='lat' dir='ltr'>anhelum,</span> 
     </span>
     <span class='ocr_line' id='line_1_22' title="bbox 472 2265 1195 2337; baseline 0 -17"><span class='ocrx_word' id='word_1_148' title='bbox 472 2265 509 2320; x_wconf 84' lang='lat' dir='ltr'>Ilt</span> <span class='ocrx_word' id='word_1_149' title='bbox 527 2266 603 2320; x_wconf 86' lang='lat' dir='ltr'>rabie</span> <span class='ocrx_word' id='word_1_150' title='bbox 620 2270 679 2321; x_wconf 84' lang='lat' dir='ltr'>iera</span> <span class='ocrx_word' id='word_1_151' title='bbox 697 2267 780 2321; x_wconf 85' lang='lat' dir='ltr'>eorda</span> <span class='ocrx_word' id='word_1_152' title='bbox 797 2271 921 2334; x_wconf 88' lang='lat' dir='ltr'>tument;</span> <span class='ocrx_word' id='word_1_153' title='bbox 939 2268 1079 2337; x_wconf 88' lang='lat' dir='ltr'>maiorque</span> <span class='ocrx_word' id='word_1_154' title='bbox 1098 2266 1195 2336; x_wconf 82' lang='lat' dir='ltr'>videri,</span> 
     </span>
     <span class='ocr_line' id='line_1_23' title="bbox 470 2342 1332 2414; baseline 0.001 -18"><span class='ocrx_word' id='word_1_155' title='bbox 470 2342 497 2396; x_wconf 89' lang='lat' dir='ltr'>N</span> <span class='ocrx_word' id='word_1_156' title='bbox 499 2359 529 2396; x_wconf 90' lang='lat' dir='ltr'>ec</span> <span class='ocrx_word' id='word_1_157' title='bbox 547 2344 663 2397; x_wconf 86' lang='lat' dir='ltr'>mortale</span> <span class='ocrx_word' id='word_1_158' title='bbox 681 2360 787 2411; x_wconf 89' lang='lat' dir='ltr'>sonans,</span> <span class='ocrx_word' id='word_1_159' title='bbox 802 2344 909 2414; x_wconf 72' lang='lat' dir='ltr'>⁴adflata</span> <span class='ocrx_word' id='word_1_160' title='bbox 928 2346 971 2398; x_wconf 89' lang='lat' dir='ltr'>est</span> <span class='ocrx_word' id='word_1_161' title='bbox 989 2344 1099 2397; x_wconf 91' lang='lat' dir='ltr'>numine</span> <span class='ocrx_word' id='word_1_162' title='bbox 1118 2342 1227 2411; x_wconf 90' lang='lat' dir='ltr'>quando</span> <span class='ocrx_word' id='word_1_163' title='bbox 1308 2356 1332 2397; x_wconf 76' lang='lat' dir='ltr'>eo</span> 
     </span>
     <span class='ocr_line' id='line_1_24' title="bbox 471 2418 1185 2489; baseline 0.001 -18"><span class='ocrx_word' id='word_1_164' title='bbox 471 2418 531 2472; x_wconf 90' lang='lat' dir='ltr'>Iam</span> <span class='ocrx_word' id='word_1_165' title='bbox 549 2419 676 2488; x_wconf 89' lang='lat' dir='ltr'>propiore</span> <span class='ocrx_word' id='word_1_166' title='bbox 695 2419 747 2473; x_wconf 91' lang='lat' dir='ltr'>dei.</span> <span class='ocrx_word' id='word_1_167' title='bbox 785 2420 882 2473; x_wconf 80' lang='lat' dir='ltr'>Cessas</span> <span class='ocrx_word' id='word_1_168' title='bbox 900 2421 928 2474; x_wconf 88' lang='lat' dir='ltr'>iu</span> <span class='ocrx_word' id='word_1_169' title='bbox 946 2423 1011 2475; x_wconf 86' lang='lat' dir='ltr'>vota</span> <span class='ocrx_word' id='word_1_170' title='bbox 1027 2435 1185 2489; x_wconf 86' lang='lat' dir='ltr'>precesque,</span> 
     </span>
     <span class='ocr_line' id='line_1_25' title="bbox 471 2493 1313 2565; baseline 0.006 -19"><span class='ocrx_word' id='word_1_171' title='bbox 471 2493 545 2560; x_wconf 90' lang='lat' dir='ltr'>Tros,</span> <span class='ocrx_word' id='word_1_172' title='bbox 564 2495 610 2559; x_wconf 86' lang='lat' dir='ltr'>ait,</span> <span class='ocrx_word' id='word_1_173' title='bbox 630 2495 741 2548; x_wconf 81' lang='lat' dir='ltr'>Aeneai</span> <span class='ocrx_word' id='word_1_174' title='bbox 760 2500 866 2549; x_wconf 85' lang='lat' dir='ltr'>cessas&#39;i</span> <span class='ocrx_word' id='word_1_175' title='bbox 885 2513 974 2565; x_wconf 88' lang='lat' dir='ltr'>nequo</span> <span class='ocrx_word' id='word_1_176' title='bbox 993 2496 1065 2549; x_wconf 91' lang='lat' dir='ltr'>enim</span> <span class='ocrx_word' id='word_1_177' title='bbox 1084 2498 1149 2548; x_wconf 90' lang='lat' dir='ltr'>ante</span> <span class='ocrx_word' id='word_1_178' title='bbox 1167 2494 1313 2551; x_wconf 82' lang='lat' dir='ltr'>dehiscent</span> 
     </span>
     <span class='ocr_line' id='line_1_26' title="bbox 472 2570 1156 2636; baseline -0.001 -12"><span class='ocrx_word' id='word_1_179' title='bbox 472 2570 617 2624; x_wconf 81' lang='lat' dir='ltr'>Attonitae</span> <span class='ocrx_word' id='word_1_180' title='bbox 636 2586 734 2636; x_wconf 86' lang='lat' dir='ltr'>magna</span> <span class='ocrx_word' id='word_1_181' title='bbox 752 2585 800 2622; x_wconf 91' lang='lat' dir='ltr'>ora</span> <span class='ocrx_word' id='word_1_182' title='bbox 818 2570 921 2624; x_wconf 90' lang='lat' dir='ltr'>domus.</span> <span class='ocrx_word' id='word_1_183' title='bbox 960 2573 996 2625; x_wconf 78' lang='lat' dir='ltr'>ut</span> <span class='ocrx_word' id='word_1_184' title='bbox 1015 2571 1081 2625; x_wconf 87' lang='lat' dir='ltr'>talia</span> <span class='ocrx_word' id='word_1_185' title='bbox 1099 2570 1156 2624; x_wconf 87' lang='lat' dir='ltr'>fata</span> 
     </span>
     <span class='ocr_line' id='line_1_27' title="bbox 472 2645 1190 2715; baseline 0.001 -15"><span class='ocrx_word' id='word_1_186' title='bbox 472 2646 614 2700; x_wconf 83' lang='lat' dir='ltr'>Conticuit.</span> <span class='ocrx_word' id='word_1_187' title='bbox 650 2645 763 2700; x_wconf 86' lang='lat' dir='ltr'>Gelidus</span> <span class='ocrx_word' id='word_1_188' title='bbox 782 2646 894 2699; x_wconf 88' lang='lat' dir='ltr'>Teucris</span> <span class='ocrx_word' id='word_1_189' title='bbox 911 2663 962 2715; x_wconf 89' lang='lat' dir='ltr'>per</span> <span class='ocrx_word' id='word_1_190' title='bbox 981 2647 1051 2701; x_wconf 90' lang='lat' dir='ltr'>dura</span> <span class='ocrx_word' id='word_1_191' title='bbox 1069 2646 1190 2701; x_wconf 86' lang='lat' dir='ltr'>cucurrit</span> 
     </span>
     <span class='ocr_line' id='line_1_28' title="bbox 472 2721 1334 2792; baseline 0.006 -17"><span class='ocrx_word' id='word_1_192' title='bbox 472 2722 542 2775; x_wconf 88' lang='lat' dir='ltr'>Ossa</span> <span class='ocrx_word' id='word_1_193' title='bbox 553 2725 663 2786; x_wconf 86' lang='lat' dir='ltr'>tremor,</span> <span class='ocrx_word' id='word_1_194' title='bbox 675 2721 821 2791; x_wconf 84' lang='lat' dir='ltr'>funditque</span> <span class='ocrx_word' id='word_1_195' title='bbox 833 2740 929 2792; x_wconf 86' lang='lat' dir='ltr'>preces</span> <span class='ocrx_word' id='word_1_196' title='bbox 942 2740 991 2777; x_wconf 84' lang='lat' dir='ltr'>rex</span> <span class='ocrx_word' id='word_1_197' title='bbox 1003 2726 1116 2792; x_wconf 87' lang='lat' dir='ltr'>pectore</span> <span class='ocrx_word' id='word_1_198' title='bbox 1129 2722 1164 2777; x_wconf 85' lang='lat' dir='ltr'>ab</span> <span class='ocrx_word' id='word_1_199' title='bbox 1175 2722 1245 2779; x_wconf 89' lang='lat' dir='ltr'>imo:</span> <span class='ocrx_word' id='word_1_200' title='bbox 1308 2738 1334 2779; x_wconf 78' lang='lat' dir='ltr'>ee</span> 
     </span>
     <span class='ocr_line' id='line_1_29' title="bbox 474 2797 1222 2868; baseline 0.003 -17"><span class='ocrx_word' id='word_1_201' title='bbox 474 2797 592 2866; x_wconf 88' lang='lat' dir='ltr'>Phoebe,</span> <span class='ocrx_word' id='word_1_202' title='bbox 610 2798 700 2866; x_wconf 82' lang='lat' dir='ltr'>gnavis</span> <span class='ocrx_word' id='word_1_203' title='bbox 719 2799 815 2852; x_wconf 80' lang='lat' dir='ltr'>Troiae</span> <span class='ocrx_word' id='word_1_204' title='bbox 833 2816 942 2868; x_wconf 85' lang='lat' dir='ltr'>semper</span> <span class='ocrx_word' id='word_1_205' title='bbox 960 2800 1089 2854; x_wconf 90' lang='lat' dir='ltr'>miserate</span> <span class='ocrx_word' id='word_1_206' title='bbox 1106 2798 1222 2868; x_wconf 89' lang='lat' dir='ltr'>labores,</span> 
     </span>
     <span class='ocr_line' id='line_1_30' title="bbox 472 2874 1158 2944; baseline 0.003 -17"><span class='ocrx_word' id='word_1_207' title='bbox 472 2874 602 2928; x_wconf 90' lang='lat' dir='ltr'>Dardana</span> <span class='ocrx_word' id='word_1_208' title='bbox 620 2875 666 2944; x_wconf 90' lang='lat' dir='ltr'>qui</span> <span class='ocrx_word' id='word_1_209' title='bbox 686 2874 793 2928; x_wconf 89' lang='lat' dir='ltr'>Paridis</span> <span class='ocrx_word' id='word_1_210' title='bbox 811 2874 914 2928; x_wconf 87' lang='lat' dir='ltr'>direxti</span> <span class='ocrx_word' id='word_1_211' title='bbox 933 2876 990 2929; x_wconf 89' lang='lat' dir='ltr'>tela</span> <span class='ocrx_word' id='word_1_212' title='bbox 1007 2891 1158 2944; x_wconf 85' lang='lat' dir='ltr'>manusque</span> 
     </span>
     <span class='ocr_line' id='line_1_31' title="bbox 474 2950 1177 3019; baseline 0.001 -15"><span class='ocrx_word' id='word_1_213' title='bbox 474 2950 578 3019; x_wconf 82' lang='lat' dir='ltr'>Corpus</span> <span class='ocrx_word' id='word_1_214' title='bbox 595 2951 624 3004; x_wconf 94' lang='lat' dir='ltr'>in</span> <span class='ocrx_word' id='word_1_215' title='bbox 643 2951 788 3019; x_wconf 83' lang='lat' dir='ltr'>Aeacidae,</span> <span class='ocrx_word' id='word_1_216' title='bbox 808 2967 921 3018; x_wconf 79' lang='lat' dir='ltr'>magnas</span> <span class='ocrx_word' id='word_1_217' title='bbox 939 2950 1069 3004; x_wconf 91' lang='lat' dir='ltr'>obeuntia</span> <span class='ocrx_word' id='word_1_218' title='bbox 1087 2956 1177 3005; x_wconf 89' lang='lat' dir='ltr'>terras</span> 
     </span>
     <span class='ocr_line' id='line_1_32' title="bbox 473 3026 1208 3097; baseline 0.001 -17"><span class='ocrx_word' id='word_1_219' title='bbox 473 3026 525 3080; x_wconf 91' lang='lat' dir='ltr'>Tot</span> <span class='ocrx_word' id='word_1_220' title='bbox 543 3027 629 3080; x_wconf 89' lang='lat' dir='ltr'>maria</span> <span class='ocrx_word' id='word_1_221' title='bbox 647 3028 748 3081; x_wconf 86' lang='lat' dir='ltr'>intravi</span> <span class='ocrx_word' id='word_1_222' title='bbox 768 3026 837 3082; x_wconf 90' lang='lat' dir='ltr'>duco</span> <span class='ocrx_word' id='word_1_223' title='bbox 855 3034 885 3081; x_wconf 83' lang='lat' dir='ltr'>te</span> <span class='ocrx_word' id='word_1_224' title='bbox 903 3029 1067 3097; x_wconf 90' lang='lat' dir='ltr'>penitusque</span> <span class='ocrx_word' id='word_1_225' title='bbox 1084 3030 1208 3097; x_wconf 86' lang='lat' dir='ltr'>repostas</span> 
     </span>
     <span class='ocr_line' id='line_1_33' title="bbox 474 3102 1333 3173; baseline 0.006 -18"><span class='ocrx_word' id='word_1_226' title='bbox 474 3102 622 3172; x_wconf 79' lang='lat' dir='ltr'>Massylum</span> <span class='ocrx_word' id='word_1_227' title='bbox 640 3105 730 3171; x_wconf 81' lang='lat' dir='ltr'>gentis</span> <span class='ocrx_word' id='word_1_228' title='bbox 748 3107 949 3172; x_wconf 88' lang='lat' dir='ltr'>praetentaque</span> <span class='ocrx_word' id='word_1_229' title='bbox 967 3104 1093 3173; x_wconf 79' lang='lat' dir='ltr'>Syrtibus</span> <span class='ocrx_word' id='word_1_230' title='bbox 1110 3120 1182 3172; x_wconf 81' lang='lat' dir='ltr'>arra,</span> <span class='ocrx_word' id='word_1_231' title='bbox 1308 3122 1333 3160; x_wconf 87' lang='lat' dir='ltr'>so</span> 
     </span>
     <span class='ocr_line' id='line_1_34' title="bbox 475 3178 1205 3249; baseline 0.005 -18"><span class='ocrx_word' id='word_1_232' title='bbox 475 3178 534 3232; x_wconf 90' lang='lat' dir='ltr'>lam</span> <span class='ocrx_word' id='word_1_233' title='bbox 552 3178 664 3233; x_wconf 88' lang='lat' dir='ltr'>tandem</span> <span class='ocrx_word' id='word_1_234' title='bbox 686 3180 783 3234; x_wconf 87' lang='lat' dir='ltr'>ltaliae</span> <span class='ocrx_word' id='word_1_235' title='bbox 801 3179 932 3247; x_wconf 85' lang='lat' dir='ltr'>fugientis</span> <span class='ocrx_word' id='word_1_236' title='bbox 950 3180 1109 3249; x_wconf 90' lang='lat' dir='ltr'>prendimus</span> <span class='ocrx_word' id='word_1_237' title='bbox 1128 3197 1205 3247; x_wconf 90' lang='lat' dir='ltr'>oras;</span> 
     </span>
     <span class='ocr_line' id='line_1_35' title="bbox 476 3254 1133 3310; baseline 0.005 -3"><span class='ocrx_word' id='word_1_238' title='bbox 476 3254 536 3307; x_wconf 90' lang='lat' dir='ltr'>Hac</span> <span class='ocrx_word' id='word_1_239' title='bbox 555 3255 670 3309; x_wconf 90' lang='lat' dir='ltr'>Troiana</span> <span class='ocrx_word' id='word_1_240' title='bbox 688 3261 769 3309; x_wconf 87' lang='lat' dir='ltr'>tenus</span> <span class='ocrx_word' id='word_1_241' title='bbox 787 3255 872 3308; x_wconf 87' lang='lat' dir='ltr'>fuerit</span> <span class='ocrx_word' id='word_1_242' title='bbox 891 3255 1013 3310; x_wconf 77' lang='lat' dir='ltr'>Fortuna</span> <span class='ocrx_word' id='word_1_243' title='bbox 1032 3260 1133 3310; x_wconf 88' lang='lat' dir='ltr'>secuta.</span> 
     </span>
     <span class='ocr_line' id='line_1_36' title="bbox 476 3330 1267 3403; baseline 0.004 -20"><span class='ocrx_word' id='word_1_244' title='bbox 476 3330 533 3384; x_wconf 90' lang='lat' dir='ltr'>Vos</span> <span class='ocrx_word' id='word_1_245' title='bbox 551 3349 659 3401; x_wconf 92' lang='lat' dir='ltr'>quoque</span> <span class='ocrx_word' id='word_1_246' title='bbox 679 3332 844 3398; x_wconf 78' lang='lat' dir='ltr'>Pergameae</span> <span class='ocrx_word' id='word_1_247' title='bbox 861 3333 915 3384; x_wconf 88' lang='lat' dir='ltr'>iam</span> <span class='ocrx_word' id='word_1_248' title='bbox 933 3333 974 3386; x_wconf 87' lang='lat' dir='ltr'>fas</span> <span class='ocrx_word' id='word_1_249' title='bbox 992 3337 1035 3388; x_wconf 88' lang='lat' dir='ltr'>est</span> <span class='ocrx_word' id='word_1_250' title='bbox 1053 3349 1165 3403; x_wconf 89' lang='lat' dir='ltr'>parcere</span> <span class='ocrx_word' id='word_1_251' title='bbox 1182 3331 1267 3401; x_wconf 79' lang='lat' dir='ltr'>genti,</span> 
     </span>
     <span class='ocr_line' id='line_1_37' title="bbox 477 3406 1333 3478; baseline 0.006 -19"><span class='ocrx_word' id='word_1_252' title='bbox 477 3406 566 3476; x_wconf 88' lang='lat' dir='ltr'>Dique</span> <span class='ocrx_word' id='word_1_253' title='bbox 585 3408 707 3476; x_wconf 87' lang='lat' dir='ltr'>deaeque</span> <span class='ocrx_word' id='word_1_254' title='bbox 725 3423 826 3475; x_wconf 89' lang='lat' dir='ltr'>omnes,</span> <span class='ocrx_word' id='word_1_255' title='bbox 845 3407 944 3475; x_wconf 91' lang='lat' dir='ltr'>quibus</span> <span class='ocrx_word' id='word_1_256' title='bbox 962 3408 1070 3463; x_wconf 90' lang='lat' dir='ltr'>obstitit</span> <span class='ocrx_word' id='word_1_257' title='bbox 1090 3408 1172 3462; x_wconf 92' lang='lat' dir='ltr'>Ilium</span> <span class='ocrx_word' id='word_1_258' title='bbox 1190 3410 1220 3463; x_wconf 91' lang='lat' dir='ltr'>ct</span> <span class='ocrx_word' id='word_1_259' title='bbox 1235 3408 1333 3478; x_wconf 71' lang='lat' dir='ltr'>ingens</span> 
     </span>
     <span class='ocr_line' id='line_1_38' title="bbox 468 3482 1334 3554; baseline 0.007 -19"><span class='ocrx_word' id='word_1_260' title='bbox 468 3482 563 3537; x_wconf 79' lang='lat' dir='ltr'>Gloria</span> <span class='ocrx_word' id='word_1_261' title='bbox 582 3483 748 3538; x_wconf 87' lang='lat' dir='ltr'>Dardaniae.</span> <span class='ocrx_word' id='word_1_262' title='bbox 784 3483 890 3554; x_wconf 88' lang='lat' dir='ltr'>Tuque,</span> <span class='ocrx_word' id='word_1_263' title='bbox 908 3501 925 3539; x_wconf 90' lang='lat' dir='ltr'>o</span> <span class='ocrx_word' id='word_1_264' title='bbox 942 3484 1114 3539; x_wconf 82' lang='lat' dir='ltr'>sanctissima</span> <span class='ocrx_word' id='word_1_265' title='bbox 1128 3486 1215 3551; x_wconf 74' lang='lat' dir='ltr'>rates,</span> <span class='ocrx_word' id='word_1_266' title='bbox 1307 3499 1334 3541; x_wconf 80' lang='lat' dir='ltr'>ae</span> 
     </span>
     <span class='ocr_line' id='line_1_39' title="bbox 453 3556 1133 3633; baseline 0.001 -24"><span class='ocrx_word' id='word_1_267' title='bbox 453 3556 593 3618; x_wconf 83' lang='lat' dir='ltr'>Praescia</span> <span class='ocrx_word' id='word_1_268' title='bbox 612 3562 738 3633; x_wconf 77' lang='lat' dir='ltr'>venturi,</span> <span class='ocrx_word' id='word_1_269' title='bbox 759 3560 807 3632; x_wconf 88' lang='lat' dir='ltr'>da,</span> <span class='ocrx_word' id='word_1_270' title='bbox 827 3579 886 3616; x_wconf 93' lang='lat' dir='ltr'>uon</span> <span class='ocrx_word' id='word_1_271' title='bbox 903 3560 1033 3615; x_wconf 83' lang='lat' dir='ltr'>indebita</span> <span class='ocrx_word' id='word_1_272' title='bbox 1047 3574 1133 3628; x_wconf 83' lang='lat' dir='ltr'>posco</span> 
     </span>
     <span class='ocr_line' id='line_1_40' title="bbox 440 3630 1181 3713; baseline -0.012 -17"><span class='ocrx_word' id='word_1_273' title='bbox 440 3630 552 3703; x_wconf 69' lang='lat' dir='ltr'>Regna</span> <span class='ocrx_word' id='word_1_274' title='bbox 574 3640 653 3697; x_wconf 86' lang='lat' dir='ltr'>meis</span> <span class='ocrx_word' id='word_1_275' title='bbox 673 3643 755 3713; x_wconf 79' lang='lat' dir='ltr'>latis,</span> <span class='ocrx_word' id='word_1_276' title='bbox 773 3640 862 3697; x_wconf 84' lang='lat' dir='ltr'>Latio</span> <span class='ocrx_word' id='word_1_277' title='bbox 882 3637 1037 3695; x_wconf 87' lang='lat' dir='ltr'>considere</span> <span class='ocrx_word' id='word_1_278' title='bbox 1050 3633 1181 3686; x_wconf 62' lang='lat' dir='ltr'>&#39;lexueret</span> 
     </span>
     <span class='ocr_line' id='line_1_41' title="bbox 428 3702 1222 3793; baseline -0.008 -24"><span class='ocrx_word' id='word_1_279' title='bbox 428 3703 643 3791; x_wconf 54' lang='lat' dir='ltr'>&amp;araque</span> <span class='ocrx_word' id='word_1_280' title='bbox 663 3721 743 3780; x_wconf 87' lang='lat' dir='ltr'>deos</span> <span class='ocrx_word' id='word_1_281' title='bbox 763 3720 948 3793; x_wconf 80' lang='lat' dir='ltr'>agitataque</span> <span class='ocrx_word' id='word_1_282' title='bbox 963 3712 1090 3770; x_wconf 75' lang='lat' dir='ltr'>numina</span> <span class='ocrx_word' id='word_1_283' title='bbox 1101 3702 1222 3757; x_wconf 50' lang='lat' dir='ltr'>Trem-</span> 
     </span>
    </p>
   </div>
   <div class='ocr_carea' id='block_1_3' title="bbox 0 0 1756 4367">
    <p class='ocr_par' dir='ltr' id='par_1_3' title="bbox 0 0 1756 4367">
     <span class='ocr_line' id='line_1_42' title="bbox 0 0 1756 4367; baseline 0 0"><span class='ocrx_word' id='word_1_284' title='bbox 0 0 1756 4367; x_wconf 95' lang='lat' dir='ltr'> </span> 
     </span>
    </p>
   </div>
  </div>
 </body>
</html>
