3467 4367
471 612 518 659 136
703 609 732 658 P.
751 610 905 658 VERGILI
923 610 1089 659 MARONIS

469 690 515 745 Sol
532 691 589 745 ruit
607 690 715 745 interea
732 693 761 743 et
778 693 886 744 montes
903 690 1067 745 umbrantur
1084 693 1167 761 opaci.

469 767 623 821 Sternimur
641 770 752 836 optatae
770 766 876 834 gremio
894 767 1001 821 telluris
1018 768 1055 821 ad
1072 768 1181 838 undam,
1293 781 1296 787 ’

470 843 566 898 Sortiti
584 860 680 907 remos,
697 843 853 913 passimque
871 844 900 896 in
917 844 999 897 litore
1017 845 1087 899 sicco
1285 860 1323 902 tro

470 922 592 990 Corpora
610 936 736 974 curamus
745 940 752 985 ;
769 919 855 974 fessos
874 936 955 988 sopor
972 921 1075 989 inrigat
1092 925 1177 976 artus.

469 998 595 1053 Necdum
613 996 706 1050 orbem
724 995 845 1049 medium
863 997 927 1050 Nox
945 997 1019 1050 horis
1036 1000 1098 1051 acta
1115 996 1238 1054 subibat:

471 1073 554 1128 Haud
573 1073 663 1141 segnis
680 1075 769 1126 strato
785 1073 875 1141 surgit
893 1073 1037 1127 Palinurus
1055 1077 1084 1127 et
1102 1073 1188 1127 omnis

470 1150 601 1219 Explorat
618 1152 722 1216 ventos,
741 1151 826 1217 atque
842 1150 955 1204 auribus
973 1166 1037 1204 aera
1054 1152 1162 1218 captat;

470 1225 568 1280 Sidera
585 1231 683 1292 cuncta
699 1229 778 1280 notat
795 1226 881 1280 tacito
898 1225 1020 1280 labentia
1037 1226 1120 1293 caelo,
1284 1244 1322 1283 555

470 1305 620 1357 Arcturum
638 1302 798 1372 pluviasque
817 1303 930 1371 Hyadas
947 1303 1123 1371 geminosque
1141 1301 1261 1368 Triones,

470 1381 672 1449 Armatumquo
689 1396 755 1433 auro
773 1378 955 1447 circumspicit
973 1378 1082 1433 Oriona.

471 1457 620 1524 Postquam
637 1459 737 1510 cuncta
753 1454 829 1510 videt
846 1456 921 1509 melo
938 1458 1063 1509 constare
1082 1471 1186 1523 screno,

470 1532 526 1588 Dat
543 1533 647 1586 clarum
664 1549 680 1587 e
697 1534 782 1602 puppi
799 1533 920 1599 signum;
937 1548 987 1585 nos
1003 1535 1093 1586 castra
1109 1547 1255 1593 movemus,

469 1609 700 1677 Temptamusque
716 1610 789 1662 viam
807 1613 836 1662 et
854 1607 975 1661 velorum
992 1608 1138 1677 pandimus
1155 1608 1219 1660 alas.
1280 1633 1317 1672 520

470 1685 585 1754 lamque
602 1684 766 1739 rubescebat
783 1684 870 1738 stellis
889 1684 998 1738 Aurora
1015 1683 1124 1752 fugatis,

470 1760 538 1815 uum
556 1762 650 1830 procul
667 1760 795 1815 obscuros
812 1760 888 1814 collis
905 1759 1089 1828 humilemque
1107 1759 1231 1813 videmus

470 1837 586 1891 ltaliam
623 1837 734 1891 Italiam
751 1836 856 1905 primus
873 1836 1023 1889 conclamat
1042 1834 1171 1902 Achates,

469 1912 580 1967 Italiam
597 1913 671 1967 laeto
689 1913 753 1967 socii
771 1913 888 1967 clamore
906 1911 1034 1965 salutant.

469 1987 538 2043 'l'um
555 1992 635 2058 pater
653 1989 786 2043 Anchises
803 2004 931 2056 magnum
949 1991 1055 2041 cratera
1072 2004 1170 2041 corona
1282 2003 1319 2043 tao

470 2064 566 2120 Induit
582 2066 749 2135 inplevitque
767 2081 851 2133 moro,
868 2064 1000 2131 divosque
1018 2064 1124 2118 vocavit

470 2140 550 2195 Stans
568 2142 641 2195 celsa
658 2142 687 2194 in
704 2142 803 2214 puppi:

469 2217 504 2271 Di
522 2219 605 2272 maris
623 2221 652 2272 ot
669 2222 761 2272 torrae
779 2221 1031 2285 tempestatumque
1048 2218 1181 2287 potentes,

469 2294 554 2348 Ferte
572 2294 643 2348 viem
660 2299 742 2349 vento
760 2294 865 2347 tacilem
884 2298 914 2348 et
932 2294 1034 2363 spirate
1051 2294 1169 2349 secundi.

469 2370 638 2425 Crebescunt
656 2376 766 2439 optatae
784 2388 875 2438 aurae,
892 2376 1043 2440 portusque
1061 2370 1177 2439 patescit
1281 2388 1319 2429 555

470 2446 529 2499 lam
547 2448 662 2515 propior,
680 2448 870 2516 templumque
888 2447 1004 2515 adparet
1021 2448 1049 2500 in
1066 2463 1129 2501 arce
1147 2447 1295 2502 Minervae.

469 2522 538 2575 Vela
555 2522 650 2590 legunt
667 2523 740 2589 socii,
758 2526 791 2587 ct,
804 2540 900 2591 proras
917 2524 953 2577 ad
971 2525 1051 2578 litora
1068 2527 1205 2593 torquent.

469 2598 569 2652 Portus
587 2599 622 2652 ab
641 2600 731 2652 Euroo
749 2599 833 2653 fluctu
851 2604 980 2654 curvatus
997 2601 1025 2653 iu
1043 2617 1150 2667 aroum;

469 2674 600 2729 Obiectac
618 2675 689 2728 salsa
706 2678 833 2743 spumant
851 2676 1015 2746 adspargine
1033 2681 1141 2742 cautes;

469 2752 534 2821 Ipse
552 2752 635 2817 latct;
653 2751 760 2819 gemino
778 2752 929 2806 demittunt
945 2753 1072 2807 bracchia
1089 2770 1166 2807 muro
1282 2771 1320 2810 sas

468 2828 570 2882 Turriti
589 2827 699 2898 scopuli,
717 2828 875 2897 refugitque
892 2829 927 2883 ab
945 2831 1024 2884 litore
1041 2830 1182 2899 templum.

469 2903 605 2967 Quattuor
622 2904 672 2970 hic,
690 2905 808 2973 primum
826 2922 913 2974 omen,
931 2923 1017 2975 equos
1034 2907 1062 2960 in
1080 2907 1203 2978 gramine
1220 2904 1277 2960 vidi

468 2980 618 3034 Tondeutis
635 2996 760 3048 campum
778 2980 841 3047 late,
860 2982 978 3036 candore
994 2982 1083 3037 nivali.

469 3057 505 3111 Et
522 3059 602 3126 pater
622 3056 770 3122 Anchises:
790 3057 904 3125 Bellum,
922 3074 938 3111 ο
956 3061 1032 3112 terra
1049 3058 1163 3127 hospita,
1182 3063 1289 3127 portas;

468 3133 545 3189 Bello
558 3137 699 3185 amnentur
711 3132 783 3201 equi,
794 3132 897 3187 bollum
909 3134 976 3188 hacc
988 3138 1111 3188 armenta
1123 3134 1269 3190 minantur.
1281 3150 1320 3189 555

468 3210 523 3263 Sed
541 3213 633 3263 tamen
650 3209 724 3262 idom
743 3209 807 3263 olim
824 3227 906 3264 curru
924 3212 1069 3265 succedere
1088 3211 1158 3264 sueti

468 3285 672 3353 Quadrupedes,
690 3288 719 3339 et
736 3286 814 3340 frena
831 3287 895 3355 iugo
913 3288 1057 3341 concordia
1075 3288 1160 3342 serre:

468 3362 536 3431 Spes
554 3365 583 3416 et
600 3362 680 3430 pacis,
699 3362 745 3416 ait.
782 3362 850 3415 Tum
866 3363 977 3415 numina
995 3366 1089 3416 sancta
1105 3380 1249 3432 precamur

460 3439 586 3492 Palladis
602 3440 764 3505 armisonae,
782 3455 852 3508 quae
870 3440 959 3507 prima
976 3440 1081 3507 accepit
1099 3440 1213 3509 ovantis,

444 3512 488 3565 Et
504 3516 599 3581 capita
616 3521 686 3572 anto
704 3533 769 3572 aras
790 3515 913 3585 Phrygio
929 3515 1053 3571 velamur
1072 3515 1191 3580 amictu,
1283 3532 1322 3571 tes

429 3581 668 3665 Pmoceptisque
688 3596 810 3666 Heleni,
829 3595 954 3651 dederat
973 3612 1047 3666 quae
1063 3606 1205 3656 maxuma,
1215 3591 1274 3643 rite

413 3651 531 3717 Iunoni
550 3672 690 3741 Argivae
712 3676 813 3734 husos
832 3676 991 3734 adolemus
1005 3673 1141 3730 honores.
