3467 4367
688 611 872 661 AENEIDOS
889 612 958 662 LIB.
978 613 1030 663 111.
1237 619 1283 665 129

431 690 585 757 Inmundo';
603 696 663 746 tum
679 709 732 747 vox
751 696 871 747 taetrum
890 693 952 747 dira
968 694 1041 748 inter
1058 694 1179 752 odorem.

431 769 553 824 Rursum
570 771 599 823 iu
616 786 725 823 secessu
742 768 823 837 longo
841 771 892 823 sub
910 787 979 840 rupe
996 775 1100 839 cavata,

431 846 587 901 Arboribus
598 846 683 899 clausi
695 845 796 898 aucum
808 849 892 915 atque
904 846 1079 901 horrentibus
1090 848 1201 917 umbris,
1248 865 1285 905 230

432 924 597 977 Instruimus
614 938 721 975 mensas
739 921 848 990 arisque
865 924 1022 991 reponimus
1039 924 1145 992 ignem:

432 1001 550 1052 Rursum
569 1015 604 1051 ex
622 997 731 1051 diverso
748 997 816 1051 caeli
834 1000 975 1068 caecisque
991 999 1107 1055 latebris

430 1075 523 1128 Turba
541 1091 640 1128 sonans
657 1074 788 1142 praedam
806 1075 922 1143 pedibus
940 1076 1116 1132 circumvolat
1133 1078 1216 1147 uncis,

431 1151 534 1205 Polluit
552 1168 599 1205 ore
617 1151 710 1219 dapes.
746 1151 830 1206 Sociis
847 1156 919 1218 tuuc,
938 1168 1015 1205 arma
1032 1158 1191 1223 capessant‘

431 1229 524 1295 Edico,
543 1231 573 1282 et
591 1227 650 1281 dira
667 1226 769 1281 bellum
787 1232 948 1296 cumgente
965 1229 1125 1296 gerendum.
1247 1246 1283 1287 535

430 1305 517 1358 Haud
535 1320 613 1358 secus
631 1321 663 1358 ac
680 1304 746 1357 iussi
764 1303 876 1371 faciunt,
894 1308 1038 1373 tectosque
1055 1322 1106 1374 per
1121 1306 1235 1362 herbam

431 1381 587 1450 Dispopunt
605 1397 684 1435 enses
701 1387 731 1435 et
749 1385 825 1434 scuta
842 1381 957 1435 latentia
974 1381 1101 1435 condunt.

432 1460 506 1526 Ergo
522 1457 569 1510 ubi
588 1455 715 1526 delapsae
732 1457 851 1511 sonitum
868 1473 918 1525 per
936 1473 1020 1510 curva
1038 1456 1141 1511 dedere

431 1534 533 1601 Litora,
552 1534 601 1587 dat
619 1533 726 1601 signum
744 1533 853 1601 specula
871 1533 994 1585 Misenus
1012 1532 1047 1587 ab
1065 1533 1123 1587 alta

431 1612 507 1664 Aere
524 1627 596 1663 cavo.
634 1609 773 1663 Invadunt
790 1609 863 1677 socii,
882 1614 910 1663 et
929 1625 998 1662 nova
1015 1609 1119 1679 proelia
1135 1614 1281 1681 temptant,

431 1686 571 1740 Obscenae
588 1686 677 1756 pelagi
694 1687 767 1740 ferro
784 1685 895 1740 foedare
913 1686 1043 1740 volucres.
1246 1704 1282 1743 aar

431 1763 486 1817 Sed
504 1780 593 1831 neque
610 1763 666 1817 vim
684 1762 783 1832 plumis
800 1761 883 1816 ullam
901 1779 951 1816 nec
968 1763 1079 1817 volnera
1096 1767 1175 1832 tergo
1196 1809 1206 1828 ,

432 1840 584 1908 Accipiunt,
603 1839 740 1907 celerique
756 1838 822 1907 fuga
839 1838 890 1892 sub
908 1838 1000 1894 sidera
1017 1838 1109 1908 lapsae
1196 1835 1200 1842 ’

430 1916 578 1970 Semiesam
596 1915 728 1985 praedam
745 1920 774 1970 et
791 1915 906 1983 vestigia
923 1915 1004 1969 foeda
1021 1916 1185 1985 relinquunt.

430 1992 494 2046 Una
510 1992 538 2046 in
556 1991 694 2061 praecelsa
710 1992 836 2046 consedit
852 2009 920 2061 rupe
939 1991 1065 2059 Celaeno,
1246 2009 1282 2048 545

432 2068 530 2122 lniclix
548 2073 631 2136 vates,
650 2069 807 2138 rumpitque
824 2068 894 2122 hanc
911 2072 1023 2137 pectore
1040 2085 1147 2124 vocem:

430 2146 538 2199 Bellum
556 2145 639 2199 etiam
656 2161 706 2213 pro
724 2144 809 2197 caede
826 2144 909 2198 boum
928 2143 1079 2213 stratisque
1096 2145 1223 2213 iuvencis,

429 2220 689 2288 Laomedontiadae,
708 2220 846 2274 bellumne
862 2221 964 2274 inferre
981 2222 1084 2289 paratis

429 2298 468 2351 Et
484 2298 572 2366 patrio
592 2296 728 2366 Harpyias
745 2296 861 2350 insontis
878 2296 980 2366 pellcrc
998 2299 1099 2364 regnol

429 2373 556 2441 Accipite
573 2390 639 2441 ergo
657 2372 754 2426 animis
772 2375 854 2440 atque
872 2372 938 2425 haec
957 2388 1017 2425 mea
1035 2372 1111 2441 figite
1129 2372 1211 2428 dicta
1244 2390 1281 2429 aaa

430 2450 507 2514 Quae
526 2449 637 2503 Phoebo
654 2453 735 2519 pater
752 2449 932 2517 omnipotens,
950 2448 1015 2501 mihi
1035 2447 1161 2504 Phoebus
1179 2450 1280 2518 Apollo

430 2525 579 2593 Praedium,
599 2525 676 2579 vobis
694 2525 837 2579 Furiarum
855 2542 907 2594 ego
925 2541 1052 2580 maxuma
1068 2526 1166 2595 pando.

431 2603 539 2657 ltaliam
558 2619 638 2657 cursu
655 2603 759 2672 petitis,
778 2603 921 2671 ventisque
938 2603 1041 2657 vocatis

431 2679 512 2732 lbitis
532 2679 647 2746 ltaliam,
665 2683 816 2747 portusque
833 2679 938 2733 intrare
956 2678 1067 2745 licebit;

429 2755 486 2809 Sed
503 2771 557 2807 non
574 2759 638 2809 ante
657 2755 750 2808 datam
767 2755 882 2823 cingetis
900 2754 1040 2809 moenibus
1057 2759 1162 2824 urbem,
1244 2772 1280 2811 aaa

429 2830 518 2895 Quam
536 2847 584 2885 vos
601 2830 661 2884 dira
677 2831 763 2885 fames
779 2834 946 2900 nostraeque
963 2831 1060 2885 iniuria
1076 2832 1168 2887 5555115

428 2907 566 2961 Ambesas
584 2906 693 2975 subigat
710 2906 788 2961 malis
806 2907 950 2962 absumere
968 2924 1083 2962 mensas.

429 2983 514 3051 Dixit,
533 2984 607 3038 etin
626 2984 719 3037 silvam
737 2986 833 3053 pennis
852 2984 944 3037 ablata
962 2982 1072 3051 refugit.

430 3062 471 3114 At
489 3059 568 3114 sociis
586 3059 678 3114 subita
694 3060 802 3129 gelidus
819 3060 964 3114 formidine
982 3060 1093 3128 sanguis

430 3137 571 3205 neugma
588 3136 712 3191 cecidere
731 3137 820 3204 animi,
839 3154 889 3191 ncc
907 3137 961 3190 iam
980 3135 1095 3204 amplius
1112 3136 1203 3203 armis,
1244 3155 1281 3196 aas

429 3213 486 3267 Sed
503 3213 574 3267 votis
590 3214 771 3283 precibusque
788 3214 884 3268 iubent
901 3228 1048 3282 exposcere
1065 3230 1168 3283 pacem,

429 3289 492 3343 Sive
510 3289 586 3356 deae,
605 3307 653 3343 seu
670 3291 725 3344 sint
743 3290 819 3345 dirae
837 3290 1026 3357 obscenaeque
1043 3288 1171 3344 volucres.

429 3366 466 3420 nt
483 3369 564 3436 pater
583 3366 716 3420 Anchises
733 3366 821 3435 passis
839 3368 875 3420 de
892 3367 973 3420 litore
991 3365 1087 3434 palmis

429 3442 549 3496 Numina
566 3458 665 3510 magna
682 3444 768 3511 vocat,
786 3444 953 3513 meritosque
970 3441 1068 3496 indicit
1082 3441 1219 3495 bonores.

425 3519 469 3585 Di,
484 3518 632 3585 prohibete
648 3520 754 3586 minas3
771 3520 808 3588 di,
827 3521 918 3577 talem
934 3521 1061 3578 auertite
1078 3532 1193 3583 casm,
1271 3522 1316 3559 Ἢ)

413 3592 454 3643 El
466 3592 573 3657 Placidi
588 3600 703 3652 servate
717 3597 796 3669 pios!
837 3600 915 3657 'lum
929 3600 1023 3657 litore
1039 3599 1150 3653 tranem

402 3662 547 3734 D⁶fll²0t02
567 3686 769 3747 excussosque
786 3677 878 3737 iubet
895 3680 1009 3738 laxare
1024 3668 1186 3733 massus.
