3467 4367
690 634 896 685 GEORGIOON
918 635 984 685 LIB.
1005 634 1055 685 IV.
1271 641 1301 687 77

478 714 530 769 Est
546 714 575 767 in
593 714 741 782 Carpathio
760 714 884 784 Neptuni
900 716 1010 785 gurgite
1028 717 1106 770 vates

441 791 591 846 Caeruleus
610 791 733 858 Proteus,
753 808 882 859 magnum
901 794 948 860 qui
965 791 1086 861 piscibus
1103 808 1208 863 aequor

439 867 477 921 Et
494 868 587 919 iuncto
605 865 738 936 bipedum
757 884 839 921 curru
856 870 972 923 metitur
991 885 1130 938 equorum.

397 975 402 984 ·
439 944 495 998 Hic
513 961 585 997 nrmc
604 944 749 998 Emathiae
766 949 863 1014 portus
881 946 1056 1014 patriamque
1073 945 1168 1000 revisit
1263 961 1300 1002 seo

439 1021 584 1085 Pallenen3
602 1020 673 1074 hunc
691 1023 722 1074 et
740 1021 884 1089 Nymphae
902 1039 1066 1076 veneramur
1084 1023 1188 1091 etipse

438 1093 619 1153 Grandaeuus
638 1097 762 1163 Nereus3
780 1097 856 1151 novit
875 1115 992 1167 namque
1012 1099 1101 1153 omnia
1118 1104 1203 1165 rates,

438 1176 514 1241 Quae
527 1175 589 1241 sint,
604 1190 674 1242 quae
686 1173 796 1240 tuerint,
806 1190 878 1241 quae
891 1191 955 1229 mox
967 1180 1083 1230 ventura
1095 1175 1248 1231 trahentur.

437 1252 544 1321 Quippe
561 1251 601 1304 ita
619 1250 749 1319 Neptuno
767 1251 855 1304 visum
874 1254 924 1319 est,
943 1252 1062 1306 inmania
1081 1252 1158 1306 cuim

437 1330 573 1382 Armenta
591 1333 621 1383 et
639 1327 727 1394 turpis
744 1327 832 1396 puscit
850 1327 902 1381 sub
919 1325 1029 1396 gurgite
1047 1329 1157 1397 phocas.
1260 1343 1298 1383 ees

436 1405 491 1458 Hic
508 1404 567 1472 tibi,
586 1408 659 1471 nate,
678 1404 755 1472 prius
774 1404 868 1458 vinclis
886 1404 1042 1473 cupiendus,
1061 1409 1093 1459 ut
1111 1422 1218 1460 omnem

436 1480 573 1549 Expediet
591 1479 680 1534 morbi
697 1495 828 1548 caussam,
847 1485 1017 1549 eventusque
1036 1481 1174 1535 secundet.

435 1557 507 1611 Nam
525 1557 628 1611 sineri
644 1573 698 1610 non
715 1556 771 1609 ulla
789 1555 867 1610 dabit
885 1561 1038 1626 praecepta
1057 1573 1147 1625 neque
1166 1558 1243 1611 illum

435 1632 548 1686 Oraudo
566 1632 674 1687 flectes:
692 1633 747 1685 rim
766 1632 863 1686 duram
883 1637 912 1687 et
931 1632 1037 1686 vincula
1055 1638 1135 1700 capto

434 1708 544 1775 'l'end03
561 1707 617 1763 doli
628 1709 730 1763 circum
742 1708 808 1761 haec
821 1708 931 1763 demum
943 1710 1105 1777 frangentur
1117 1709 1220 1765 inudes.
1258 1726 1296 1766 m

435 1784 500 1855 Ipsa
518 1802 569 1855 ego
586 1790 624 1854 te,
641 1785 746 1839 medios
763 1801 825 1838 cum
843 1784 883 1839 sol
901 1785 1057 1841 accenderit
1074 1789 1171 1856 aestus,

434 1862 504 1916 (ium
522 1863 620 1917 sitiunt
637 1862 747 1927 herbae,
765 1865 795 1920 et
812 1863 903 1930 pecori
919 1863 974 1917 iam
991 1864 1095 1930 gratior
1113 1863 1211 1917 umbra
1228 1867 1279 1931 est,

435 1939 469 1991 in
487 1942 594 1994 secreta
611 1939 684 1993 senis
702 1938 807 2006 ducam,
826 1955 881 2007 quo
899 1939 986 1993 fessus
1004 1938 1039 1993 ab
1057 1938 1138 1993 undis

434 2014 470 2068 Se
488 2014 592 2083 recipit,
610 2015 690 2069 facile
708 2017 740 2067 ut
757 2030 852 2068 somne
871 2014 1034 2083 adgrediare
1051 2015 1195 2072 iacentem.

434 2090 539 2145 Verum
555 2090 603 2145 ubi
620 2094 777 2160 correptum
794 2092 920 2146 manibus
938 2092 1088 2160 vinclisque
1107 2092 1221 2159 tenebis,
1256 2108 1293 2149 sos

432 2168 502 2221 Tum
520 2168 613 2223 variae
630 2168 745 2223 eludent
763 2169 866 2237 speeies
883 2171 968 2237 atque
986 2185 1033 2222 ora
1051 2169 1179 2224 ferarum.

433 2245 495 2299 Fiet
514 2245 587 2302 enim
604 2244 695 2299 subito
714 2261 761 2299 sus
778 2244 914 2311 horridus,
932 2248 1049 2312 atraque
1067 2245 1153 2313 tigris,

432 2322 654 2391 squamosusque
672 2321 762 2387 draeo,
781 2324 811 2374 et
828 2320 902 2374 fulva
920 2320 1024 2375 cervice
1043 2320 1138 2375 leaena
1144 2341 1152 2387 3

433 2398 492 2451 Aut
509 2414 600 2452 acrem
618 2397 743 2451 flammae
761 2396 881 2450 sonitum
898 2395 983 2463 dabit,
1002 2401 1087 2467 atque
1105 2398 1145 2451 ite
1162 2397 1255 2453 vinclis

432 2472 555 2541 Excidet,
574 2473 667 2527 autin
684 2489 771 2541 aquas
788 2473 879 2527 tenuis
897 2472 1019 2541 dilapsus
1037 2473 1133 2529 abibit
1252 2489 1290 2528 uo
1372 2491 1377 2499 ·

430 2549 487 2603 Sed
505 2552 608 2618 quanto
624 2550 671 2604 ille
689 2550 776 2617 magis
792 2550 894 2604 formas
913 2566 942 2603 se
960 2554 1051 2605 vertet
1069 2551 1096 2604 iu
1114 2550 1208 2616 omnis,

430 2624 527 2694 Tanto,
543 2629 617 2694 nate,
634 2627 721 2694 magis
739 2624 874 2680 contende
892 2626 999 2680 tenacia
1016 2627 1111 2695 vincla,

430 2703 524 2757 Donec
541 2702 605 2757 talis
623 2704 677 2757 erit
694 2705 801 2757 mutato
819 2719 940 2771 corpore,
960 2702 1068 2771 qualem

429 2777 549 2847 Videris,
568 2779 678 2848 incepto
696 2782 806 2847 tegeret
823 2795 885 2833 cum
902 2778 1004 2832 lumina
1022 2786 1127 2833 somno:

464 2855 542 2911 Haec
553 2856 600 2924 ait,
612 2860 642 2909 et
653 2854 788 2923 liquidum
800 2855 953 2909 ambrosiae
965 2853 1095 2908 diffundit
1106 2857 1227 2923 odorem,
1250 2871 1287 2911 41⁶

428 2934 490 2999 Quo
506 2936 597 2987 totum
615 2931 673 2985 uati
692 2948 790 3000 corpus
808 2931 955 3001 perduxit;
973 2929 1061 2985 atilli
1274 2938 1282 2950 ·’

428 3008 522 3064 Dulcis
539 3008 688 3078 conpositis
706 3008 819 3077 spiravit
837 3008 957 3061 crinibus
974 3024 1049 3076 aura,

428 3087 523 3154 Atque
534 3084 632 3139 habilis
645 3084 775 3137 membris
786 3084 861 3138 venit
873 3084 956 3151 rigor.
993 3083 1044 3140 Est
1055 3102 1152 3155 specus
1163 3086 1259 3153 ingens

427 3162 510 3215 Iixesi
527 3161 615 3215 latere
633 3160 662 3213 in
680 3160 789 3228 montis,
808 3176 862 3228 quo
879 3159 997 3229 plurima
1015 3166 1097 3215 vento

426 3236 545 3305 cogitur
561 3236 643 3305 inque
662 3237 738 3290 sinus
755 3237 856 3291 scindit
874 3253 934 3291 sese
951 3236 1026 3291 unda
1042 3238 1178 3306 reductos,
1250 3254 1287 3292 sao

426 3313 576 3381 Deprensis
593 3312 659 3368 olim
678 3314 761 3367 statio
778 3314 916 3369 tutissima
933 3314 1040 3380 nautis3

426 3389 508 3444 intus
526 3406 557 3444 se
574 3389 646 3443 vasti
664 3390 782 3444 Proteus
800 3391 871 3459 tegit
889 3390 975 3444 obiice
994 3389 1060 3444 saxi.

425 3466 481 3523 Hic
498 3467 624 3521 iuvenem
642 3468 669 3520 in
687 3465 800 3520 latebris
818 3482 948 3522 aversum
964 3482 983 3521 a
996 3465 1108 3521 iumine
1120 3462 1265 3531 quq'uu

420 3542 555 3606 Collocat;
570 3544 631 3611 ipsa
646 3544 745 3612 procul
765 3544 880 3601 nebulis
897 3545 1028 3602 obscura
1041 3540 1170 3599 remur„

404 3612 467 3666 Iam
485 3616 602 3682 rapidus
621 3623 734 3675 torrens
752 3623 886 3682 sitientis
904 3625 1004 3682 Sirius
1023 3621 1126 3679 iudos
1167 3669 1170 3674 Α

392 3682 527 3742 Ardebat
545 3694 633 3763 coeio,
651 3700 684 3751 et
705 3700 844 3760 medium
866 3704 913 3762 sol
934 3705 1053 3777 igneus
1069 3697 1188 3769 orbem

1310 3607 1357 3649 Ut
