3467 4367
460 629 508 677 134
693 625 724 675 P.
743 622 898 672 VERGILI
920 621 1087 670 MARONIS

460 707 626 777 Delphinum
642 706 744 760 caudas
761 708 840 758 utero
858 703 1003 757 commissa
1020 703 1152 771 luporum.

461 784 588 837 Praestat
606 783 738 836 Trinacrii
755 784 843 835 metas
861 778 981 833 lustrare
1000 779 1119 848 Pachyni

461 859 628 927 cessantem,
646 858 742 926 longos
760 861 789 912 et
805 855 1019 911 circumflectere
1038 873 1140 923 cursus,
1282 872 1319 917 440

460 935 548 1001 Quam
567 935 651 989 semel
669 935 814 988 informem
831 935 910 986 vasto
928 932 1030 987 vidisse
1048 933 1099 987 sub
1117 937 1198 990 autre

460 1012 574 1080 Scyllam
593 1015 623 1065 et
638 1010 771 1065 caeruleis
788 1009 902 1064 canibus
919 1011 1076 1063 resonantia
1094 1026 1166 1066 saxa
1189 1014 1192 1020 '

461 1088 616 1156 Praeterea,
634 1088 657 1141 si
675 1104 731 1156 qua
748 1090 792 1141 cst
810 1085 918 1140 Heleno
935 1086 1090 1155 prudentia,
1108 1088 1165 1142 rati

460 1165 489 1218 Si
508 1181 563 1233 qua
581 1164 658 1231 fides,
676 1165 796 1217 animum
815 1163 838 1216 si
856 1164 929 1217 veris
946 1162 1034 1231 inplet
1054 1164 1161 1233 Apollo,

460 1240 553 1294 Unum
569 1239 638 1294 illud
657 1240 716 1307 tibi,
734 1244 799 1294 nate
817 1240 877 1307 dea,
895 1255 1001 1309 proque
1020 1238 1146 1294 omnibus
1162 1257 1245 1294 unum
1281 1254 1318 1296 444

461 1316 626 1383 Praediram,
638 1319 667 1370 et
679 1321 807 1385 repetens
819 1317 975 1384 iterumque
987 1316 1144 1385 iterumque
1157 1316 1285 1371 monebo:

461 1391 571 1447 Iunonis
589 1409 704 1461 maguae
721 1393 839 1460 primum
857 1406 940 1459 prece
956 1407 1056 1445 numen
1075 1392 1173 1456 adora;

461 1468 558 1522 Iunoni
575 1484 642 1523 cane
659 1472 723 1522 vota
740 1468 828 1522 libens
846 1467 1040 1536 dominamque
1056 1470 1197 1536 potentem

460 1543 632 1613 Supplieibus
650 1562 749 1615 supera
767 1543 859 1597 donis:
880 1544 919 1597 sic
936 1544 1055 1613 deniquo
1072 1543 1158 1597 victor

459 1620 597 1675 'irinacria
614 1622 676 1675 finis
695 1621 782 1675 italos
799 1620 912 1673 mittero
929 1620 1032 1674 relicta.
1279 1636 1318 1677 440

459 1696 522 1750 Huc
541 1698 588 1751 ubi
604 1698 715 1752 delatus
734 1698 881 1765 Cymaeam
900 1697 1045 1751 accesseris
1062 1698 1160 1751 urbem

459 1771 626 1842 Dimnosquc
645 1773 720 1827 lacus
738 1779 767 1827 et
786 1774 898 1827 Averna
916 1773 1041 1826 sonantia
1059 1768 1141 1843 silvis,

459 1849 588 1902 Insanam
606 1853 697 1903 vatem
716 1850 839 1919 aspicies,
859 1866 930 1919 quae
948 1866 1017 1919 rupe
1035 1850 1086 1903 sub
1102 1851 1160 1905 ima

459 1924 530 1979 Fata
547 1926 622 1980 canit
639 1926 765 1995 foliisque
782 1929 863 1980 notas
882 1929 911 1980 et
928 1928 1038 1981 nomina
1054 1927 1175 1982 nrandat.

459 2001 653 2072 Quaecumque
671 2003 699 2056 in
716 2002 787 2056 foliis
806 2002 952 2072 descripsit
968 2004 1088 2057 carmina
1105 2004 1190 2072 virgo,
1279 2018 1317 2059 444

458 2077 568 2146 Digerit
585 2079 614 2133 in
633 2096 776 2133 nnmerum
795 2084 880 2148 atque
898 2084 976 2134 antro
994 2080 1099 2133 seclusa
1116 2079 1255 2151 relinquit.

460 2154 514 2208 illa
531 2160 643 2210 manent
660 2156 764 2209 inmota
781 2156 847 2209 locis
864 2172 956 2226 neque
971 2156 1006 2210 ab
1023 2155 1119 2212 ordine
1136 2157 1253 2223 eedunt;

459 2230 564 2286 Verum
582 2232 685 2297 eadem
703 2248 782 2286 verso
801 2233 893 2287 tenuis
911 2250 972 2287 cum
989 2232 1102 2287 cardine
1118 2236 1217 2287 ventus

393 2308 398 2320 '
460 2306 565 2377 Inpulit
584 2312 612 2363 et
629 2313 740 2362 teneras
757 2308 881 2363 turbarit
897 2310 978 2363 ianua
994 2308 1113 2377 frondes,

459 2382 615 2453 Numquam
634 2384 734 2437 deinde
751 2400 817 2438 cavo
835 2384 978 2439 volitantia
994 2384 1131 2454 prendere
1148 2400 1222 2453 saxo,
1278 2400 1317 2439 seo

459 2458 519 2512 Nec
536 2476 663 2513 revocare
681 2460 749 2513 situs
767 2462 816 2513 aut
834 2460 947 2529 iungere
964 2462 1085 2514 carmina
1102 2463 1193 2514 curat:

460 2534 610 2588 Inconsulti
628 2535 739 2601 abeunt,
759 2535 908 2605 sedemque
926 2536 1010 2591 odere
1029 2536 1153 2605 Sibyllae

461 2609 515 2663 Hic
532 2610 584 2663 tibi
602 2627 637 2663 ne
655 2626 709 2679 qua
726 2627 820 2664 morae
836 2611 939 2665 suerint
949 2611 1101 2681 ,dispendia
1117 2613 1195 2680 tanti,

460 2685 588 2750 Quamvis
604 2686 770 2754 increpitent
787 2686 858 2753 socii,
877 2690 907 2741 et
924 2687 951 2740 vi
968 2704 1062 2744 cursus
1079 2690 1107 2743 in
1125 2690 1211 2744 altum

460 2761 531 2815 Vela
547 2765 626 2816 vocet
643 2762 784 2831 possisque
802 2762 875 2816 siuns
893 2762 998 2832 inplere
1016 2766 1156 2833 secundos,
1275 2773 1313 2814 400

461 2839 531 2903 Quin
549 2838 633 2891 adeas
651 2842 742 2892 vatem
760 2838 940 2908 prccibusque
957 2841 1066 2895 oracula
1081 2858 1178 2911 poscas

460 2914 525 2984 Ipsa
542 2918 629 2981 canat,
648 2931 797 2984 vocemque
814 2915 908 2970 volens
926 2920 1011 2987 atquc
1028 2934 1076 2972 ora
1092 2917 1218 2973 resolvat

461 2990 514 3045 Illa
531 2990 582 3044 tibi
601 2990 698 3045 Italiae
714 2992 829 3062 populos
847 2996 1017 3063 venturaque
1034 2994 1113 3063 bella,

460 3068 498 3123 lat
515 3084 568 3137 qno
587 3083 723 3137 quemque
740 3070 822 3124 modo
839 3070 983 3139 fugiasque
999 3071 1127 3140 ferasque
1144 3071 1274 3131 laborem,

459 3143 604 3213 Expediet,
622 3160 771 3214 cursusque
790 3146 869 3200 dabit
886 3148 1017 3199 venerata
1034 3146 1173 3201 secundos.
1277 3162 1316 3202 400

460 3220 538 3274 Haec
556 3222 627 3286 sunt,
646 3236 716 3288 quae
734 3225 828 3275 nostra
844 3221 927 3275 liceat
943 3224 973 3275 te
991 3237 1055 3275 roco
1073 3223 1181 3278 moneri

459 3296 539 3350 Vade
557 3313 615 3365 age,
634 3299 663 3350 et
680 3296 821 3365 ingentem
838 3296 918 3351 factis
935 3298 977 3351 ier
994 3297 1030 3351 ad
1047 3298 1161 3352 aethera
1178 3298 1296 3353 Troiam.

495 3374 571 3437 Quae
588 3377 733 3441 postquam
751 3376 829 3427 vates
846 3372 886 3427 sio
904 3389 950 3427 ore
968 3373 1066 3427 effatus
1084 3375 1171 3429 amico
1189 3377 1241 3442 est,

450 3446 534 3499 Dona
552 3448 653 3502 deliine
669 3465 737 3501 auro
754 3448 849 3517 gravia
867 3452 996 3519 sectoque
1014 3450 1160 3518 elephanto

436 3518 563 3587 Inperat
578 3523 618 3576 ad
637 3524 717 3580 naris
735 3526 815 3596 ferri,
832 3525 977 3596 stipatque
994 3527 1093 3580 carinis
1281 3540 1318 3579 444

422 3589 540 3674 Ingens
559 3605 729 3673 argentum,
748 3604 986 3674 Dodonaeosque
998 3602 1124 3666 lebetas,

406 3659 553 3725 Doricam
573 3683 750 3738 consertam
771 3683 872 3740 hamis
892 3696 1025 3751 auroque
1041 3676 1180 3735 tril'icem,
