3467 4367
479 620 526 669 256
711 618 740 667 P.
759 615 912 667 VERGILI
928 614 1094 667 MARONIS

480 698 640 767 Inpedinut,
658 699 785 767 fallitque
802 698 886 753 timor
903 697 1015 766 regione
1032 698 1145 753 riarum.

480 775 565 828 Nisus
583 774 657 840 abit;
680 775 788 843 iamque
805 774 955 843 inprudens
973 778 1098 829 evaserat
1116 774 1203 829 hostis

484 853 578 918 Atque
595 850 676 917 locos,
695 850 742 918 qui
759 854 822 918 post
842 850 930 903 Albae
948 850 984 903 de
1002 850 1111 905 nomine
1129 850 1198 905 dicti

482 926 592 993 Albani,
610 931 670 981 tum
688 942 737 979 rex
756 926 863 980 stabula
881 925 938 980 alta
956 926 1071 979 Latinus
1089 925 1225 981 habebat:

482 1002 522 1057 Ut
540 1003 627 1070 stetit,
643 1005 673 1056 et
688 1002 792 1055 fnrstra
808 1001 951 1056 absentem
969 1002 1092 1070 respexit
1109 1002 1233 1057 amicum.

482 1078 600 1145 Euryale
617 1078 720 1146 infelix,
738 1094 793 1146 qua
810 1082 839 1132 te
856 1078 969 1146 regione
987 1078 1106 1147 reliquit
1296 1094 1337 1133 eso

483 1155 577 1220 Quare
595 1170 702 1223 sequar,
719 1169 815 1207 rursus
831 1154 994 1223 perplexum
1012 1154 1066 1207 iter
1083 1170 1163 1208 omne
1180 1153 1326 1209 revolvens

484 1230 599 1284 Fallacis
617 1231 719 1286 silvael
750 1229 836 1284 Simul
854 1232 884 1284 et
901 1230 1018 1297 vestigia
1035 1234 1111 1283 retro

483 1306 638 1361 Observata
654 1307 729 1374 legit,
748 1306 893 1375 dumisque
910 1305 1054 1360 silentibus
1071 1309 1154 1361 errat.

484 1384 574 1438 Audit
592 1400 684 1452 equos,
703 1382 781 1437 audit
799 1382 931 1451 strepitus
949 1386 978 1435 et
996 1383 1074 1450 signa
1092 1383 1264 1450 sequentum.

484 1459 509 1512 N
511 1476 543 1514 eo
557 1460 668 1528 longum
682 1460 710 1512 in
726 1458 817 1512 medio
832 1462 950 1527 tempus,
962 1475 1024 1512 eum
1036 1458 1137 1512 clamor
1151 1457 1188 1512 ad
1200 1458 1281 1520 auris
1295 1472 1334 1511 sss

485 1537 623 1605 Pervenit,
634 1553 666 1590 ac
679 1534 756 1589 videt
771 1534 934 1603 Euryalum
955 1551 1038 1604 quem
1054 1535 1109 1587 iam
1125 1550 1221 1587 manus
1235 1533 1333 1601 omnis,

486 1613 595 1667 Fraude
612 1612 664 1665 loci
682 1615 711 1665 et
728 1611 823 1679 noctis,
840 1610 933 1665 subito
950 1610 1080 1664 turbante
1097 1609 1225 1674 tumultu,

485 1689 652 1757 Oppressum
668 1687 741 1755 rapit
759 1690 788 1740 et
805 1688 948 1739 conantem
965 1685 1084 1755 plurima
1100 1685 1209 1738 frustra.

486 1763 558 1828 Quid
574 1763 673 1816 saciati
697 1778 752 1830 qua
768 1762 794 1814 vi
812 1762 945 1830 iuvenem,
964 1761 1063 1831 quibus
1081 1762 1183 1815 audeat
1200 1762 1285 1815 armis

486 1840 617 1909 Eriperel
639 1855 675 1892 an
692 1854 753 1891 sese
769 1837 875 1890 medios
893 1837 1041 1892 moriturus
1058 1837 1085 1891 in
1104 1854 1183 1891 enses
1293 1851 1334 1891 eoo

486 1915 597 1983 Inferat,
615 1917 645 1969 et
660 1913 802 1982 pulchram
819 1916 949 1982 properet
966 1930 1017 1982 per
1033 1914 1144 1967 volnera
1161 1914 1296 1968 mortem?

484 1991 567 2045 Ocius
584 1991 703 2044 adducto
720 1992 851 2057 torquens
868 1989 967 2042 hastile
985 1990 1095 2059 lacerto,

484 2067 637 2135 suspiciens
654 2066 738 2120 altam
756 2065 792 2120 ad
811 2065 923 2132 Lunam,
941 2065 980 2120 sio
996 2082 1061 2120 voce
1078 2067 1220 2134 precatur:

484 2143 531 2209 Tu,
548 2143 606 2207 dea
624 2146 657 2197 tu
674 2158 804 2212 praesens
821 2145 916 2196 nostro
934 2157 1061 2195 succurre
1078 2140 1172 2207 labori,
1228 2197 1232 2204 ,

484 2221 631 2273 Astrorum
648 2220 732 2273 decus
746 2222 775 2272 et
791 2234 932 2271 nemorum
952 2216 1067 2270 Latonia
1084 2219 1190 2281 custos;
1295 2233 1334 2274 urs

484 2296 513 2350 Si
530 2312 585 2363 qua
602 2296 657 2349 tuis
674 2311 804 2364 umquam
821 2310 872 2362 pro
889 2310 934 2347 me
952 2297 1031 2367 pater
1050 2292 1188 2361 Hyrtacus
1205 2293 1260 2348 aris

483 2372 562 2425 Dona
578 2372 651 2439 tulit,
669 2371 692 2424 si
710 2386 765 2438 qua
782 2370 841 2437 ipse
859 2370 928 2423 meis
944 2368 1090 2422 venatibus
1106 2368 1176 2437 auxi,

483 2448 651 2516 Suspendive
669 2446 751 2509 tholo,
769 2450 817 2499 aut
835 2462 913 2499 saera
930 2446 966 2499 ad
984 2445 1093 2512 fastigia
1110 2445 1190 2511 fixi,

425 2574 436 2598 l
484 2525 566 2578 Hunc
584 2523 642 2575 sine
657 2539 702 2576 me
717 2521 831 2575 turbare
844 2520 964 2589 globum,
978 2523 1007 2575 et
1022 2538 1088 2588 rege
1104 2520 1161 2575 tela
1175 2536 1226 2589 per
1241 2537 1333 2577 auras.

483 2598 605 2664 Dixerat,
624 2602 653 2652 et
670 2601 729 2652 toto
746 2597 877 2651 connixus
894 2613 1006 2665 corpore
1023 2597 1125 2650 ferrum
1293 2611 1333 2653 410

483 2673 605 2729 Ooniicit.
642 2674 733 2728 Hasta
749 2673 843 2726 volans
860 2672 949 2727 noctis
967 2672 1123 2728 diverberat
1140 2671 1260 2741 umbras,

483 2750 520 2804 llt
537 2750 612 2805 venit
629 2750 717 2805 aversi
735 2750 768 2804 in.
781 2752 892 2816 tergum
910 2747 1053 2815 Sulmonis,
1070 2748 1166 2817 ibique

483 2830 638 2899 Frangitur,
656 2830 688 2885 ac
705 2831 770 2884 fisso
786 2829 887 2885 transit
904 2829 1065 2897 praecordia
1081 2829 1162 2897 ligno.

483 2907 611 2961 Volvitur
628 2908 674 2962 ille
692 2923 803 2960 romeus
821 2906 939 2959 calidum
957 2906 993 2959 de
1010 2908 1121 2974 pectore
1138 2905 1240 2960 flumen

482 2983 619 3051 Frigidus,
638 2986 667 3038 et
685 2983 773 3051 longis
791 2981 955 3050 singultibus
973 2981 1019 3034 ilia
1036 2981 1134 3049 pulsat.
1294 2997 1332 3039 415

483 3059 591 3113 lliversi
609 3058 838 3127 circumspiciunt.
874 3058 935 3110 Hoc
952 3051 1040 3110 acrior
1057 3057 1131 3111 idem

484 3136 552 3188 ltcce
570 3135 646 3188 alind
664 3152 770 3187 summa
786 3134 873 3187 telum
890 3132 1010 3186 librabat
1027 3132 1062 3185 ab
1080 3149 1152 3187 auro.

482 3210 556 3263 Dum
574 3211 723 3279 trepidant,
741 3211 774 3263 iit
790 3209 870 3262 hasta
888 3208 961 3276 Tago
979 3224 1029 3276 per
1046 3210 1155 3276 tempus
1172 3213 1331 3280 utrumque,

482 3286 615 3350 Stridens,
633 3286 804 3352 traiectoque
821 3284 911 3337 haesit
928 3284 1065 3352 tepefacta
1081 3284 1201 3338 cerebro.

482 3362 576 3416 Saevit
593 3364 673 3414 atrox
691 3361 831 3426 Volscens,
847 3376 900 3413 nec
916 3359 966 3413 teli
983 3359 1115 3428 conspicit
1131 3377 1247 3429 usquam
1293 3376 1332 3415 no

477 3438 640 3506 Auctorem,
659 3454 710 3492 nee
728 3453 782 3506 quo
800 3452 830 3488 se
847 3437 948 3489 ardens
965 3435 1105 3489 inmittere
1121 3437 1215 3505 possit.

467 3514 510 3569 Tu
530 3517 626 3571 tamen
647 3516 760 3572 interea
777 3512 868 3571 calido
886 3512 956 3567 mibi
972 3511 1104 3580 sanguiue
1117 3528 1222 3581 poenas

452 3590 613 3651 Persolves
633 3596 798 3666 amborum,
818 3592 934 3665 inquit,
955 3588 1042 3646 simul
1058 3603 1125 3642 ense
1138 3585 1248 3639 reclusa

439 3667 516 3725 Ibat
535 3671 570 3729 in
589 3677 768 3754 Euryalum.
808 3675 888 3733 'lum
906 3687 978 3728 uero
997 3661 1166 3728 exterritus
1179 3672 1288 3718 mm·
1323 3717 1328 3722 .
