3467 4367
693 613 895 700 'suumnos
911 651 980 701 urs.
999 652 1050 701 rx.
1265 655 1312 703 ru

465 728 603 787 Dduetum
620 734 716 788 matris
734 733 794 788 luco
812 734 969 802 Symaethia
985 734 1087 789 circum
1116 730 1117 733 ’

467 807 600 875 Flumina,
615 810 723 877 pinguis
740 810 788 863 ubi
806 812 836 863 et
852 810 993 878 placabilis
1010 827 1058 863 ara
1076 810 1174 866 Palici:
1277 827 1315 868 set

466 880 635 939 Stridentem
652 885 765 940 fundam
782 886 879 954 positis
899 886 1051 940 Mezentius
1068 887 1155 943 hastis

467 960 531 1028 lpse
548 964 592 1014 ter
609 962 730 1015 adducta
747 963 848 1015 circum
866 965 949 1030 caput
966 962 1024 1029 egit
1041 963 1155 1031 habena,

466 1036 502 1089 Et
520 1037 611 1090 media
628 1037 736 1091 adversi
754 1037 900 1104 liquefacto
918 1040 1042 1105 tempora
1059 1038 1171 1107 plumbo

466 1110 583 1179 Diffidit‚
602 1129 633 1165 ac
650 1112 737 1166 multa
754 1116 910 1181 porrectum
928 1113 1053 1167 extendit
1069 1130 1159 1169 arena.

499 1186 568 1239 'lum
585 1187 703 1256 primum
720 1187 794 1241 bello
811 1188 927 1241 celerem
945 1188 1096 1243 intendisse
1114 1191 1242 1257 sagittam
1277 1205 1314 1245 tao

466 1260 581 1329 Dicitur,
598 1266 662 1317 ante
679 1264 752 1318 feras
770 1263 867 1317 solitus
884 1266 990 1317 terrere
1008 1264 1119 1332 fugacis,

467 1337 608 1405 Ascanius,
626 1339 781 1408 fortemque
799 1356 882 1392 manu
899 1338 1003 1392 fudisse
1021 1338 1047 1390 N
1049 1356 1194 1405 umanum;

467 1410 517 1464 Oui
536 1413 651 1467 Remulo
669 1430 818 1482 cognomen
837 1416 906 1479 erat,
925 1413 1065 1481 Turnique
1082 1415 1214 1468 minorem

466 1486 630 1542 Germanam
645 1506 734 1558 nuper
751 1489 871 1543 thalamo
890 1488 1007 1542 sociatus
1025 1488 1151 1544 habebat.

467 1561 496 1614 Is
513 1564 629 1630 primam
648 1568 713 1618 anto
729 1564 816 1618 aciem
834 1564 918 1633 digna
934 1567 1019 1632 atque
1036 1564 1148 1633 indigna
1165 1566 1254 1622 relatu
1276 1582 1312 1622 sat

466 1637 625 1693 Vociferans
642 1639 819 1708 tumidusque
836 1656 906 1692 novo
922 1640 1082 1707 praecordia
1100 1657 1186 1709 regno

467 1712 531 1766 ibat
548 1718 576 1767 et
593 1715 731 1783 ingentem
750 1731 810 1769 sese
826 1715 945 1769 clamore
961 1714 1081 1770 ferebat:

465 1788 490 1840 N
493 1805 528 1842 on
546 1790 633 1857 pudet
649 1790 791 1844 obsidione
808 1790 910 1845 iterum
928 1790 1053 1859 valloque
1069 1791 1167 1859 teneri,

465 1864 513 1917 Bis
531 1866 603 1933 capti
622 1866 751 1934 Phryges,
769 1868 799 1918 et
816 1866 898 1920 morti
915 1867 1098 1934 praetendere
1116 1870 1221 1921 murosi

465 1939 514 2006 En,
532 1941 579 2010 qui
596 1945 689 1994 nostra
707 1941 760 1995 sibi
776 1940 849 1996 bello
867 1940 1000 1997 connubia
1018 1946 1146 2009 poscunt!
1275 1958 1312 1997 coo

465 2015 532 2079 Quis
550 2016 619 2069 deus
638 2016 755 2082 ltaliam,
774 2031 844 2082 quae
861 2032 909 2068 vos
927 2015 1066 2068 dementia
1083 2017 1194 2083 adegitl

465 2088 527 2142 Non
544 2089 589 2143 hie
609 2090 733 2155 Atridae,
752 2106 802 2141 nec
819 2088 896 2142 fandi
914 2089 994 2142 fictor
1013 2089 1117 2142 Ulixes.

465 2163 572 2217 Durum
589 2164 625 2217 ab
643 2166 730 2232 stirpe
747 2179 833 2229 genus
851 2166 930 2216 natos
948 2163 984 2216 ad
1002 2162 1113 2217 flumina
1130 2167 1248 2230 primum

465 2238 621 2295 Deferimus
639 2253 775 2306 saevoque
791 2237 856 2304 gelu
875 2238 1006 2289 duramus
1024 2240 1053 2289 et
1070 2237 1165 2302 undis;

464 2313 575 2367 Venatu
591 2313 735 2381 invigilant
752 2312 839 2381 pueri,
858 2312 994 2380 silvasque
1011 2312 1145 2379 fatigant3
1275 2330 1312 2369 uu

465 2388 590 2443 Flectere
607 2389 689 2442 ludus
706 2404 791 2456 equos
806 2389 835 2441 et
853 2387 956 2455 spicula
973 2387 1088 2441 tendere
1106 2404 1196 2442 cornu
1330 2398 1334 2405 '

465 2466 506 2519 At
522 2465 629 2533 patiens
647 2480 758 2532 operum
777 2479 916 2531 parvoque
934 2462 1049 2517 adsueta
1066 2462 1194 2518 iuventus

465 2541 524 2593 Aut
541 2541 637 2594 rastris
654 2544 758 2593 terram
776 2538 879 2607 domat,
897 2542 946 2593 aut
963 2539 1054 2608 quatit
1072 2539 1174 2609 oppida
1191 2539 1271 2594 bello.

465 2616 552 2670 Omne
569 2632 666 2669 aevum
683 2616 756 2669 ferro
773 2614 881 2683 teritur,
899 2631 1032 2683 versaque
1049 2614 1192 2669 iuvencum

464 2692 552 2759 Terga
568 2692 714 2759 fatigamus
732 2690 825 2755 hasta;
848 2706 900 2743 nee
917 2690 998 2744 tarda
1016 2692 1141 2744 senectus
1276 2706 1313 2745 aio

465 2767 599 2822 Debthat
616 2768 681 2822 viris
699 2767 782 2820 animi
800 2769 945 2835 mutatque
963 2766 1096 2833 vigorem:

464 2844 599 2898 Canitiem
616 2843 696 2911 galea
712 2842 877 2911 premimus;
901 2858 1063 2910 semperque
1081 2842 1200 2897 recentis

464 2919 724 2988 Compertareiuvat
741 2917 859 2986 praedas
877 2920 906 2971 et
923 2917 1016 2985 vivere
1033 2921 1121 2985 rapto.

465 2995 549 3049 Vobis
566 2997 641 3064 picta
658 3010 737 3048 eroco
755 2995 784 3046 et
801 2992 918 3059 fulgenti
936 2991 1040 3046 murice
1058 2993 1157 3059 vestis3

466 3070 593 3125 Desidiae
610 3071 701 3135 eordi;
724 3070 801 3123 iuvat
818 3067 961 3136 indulgere
979 3067 1098 3133 choreis3
1278 3083 1312 3124 ara

464 3146 501 3198 Et
518 3147 626 3201 tunicae
643 3146 770 3213 manicas,
788 3146 817 3198 et
834 3134 937 3197 habent
955 3143 1115 3198 redimicula
1132 3145 1238 3199 mitrae.

464 3219 488 3274 0
506 3238 570 3276 vere
589 3222 731 3290 Phrygiae,
748 3236 838 3289 neque
855 3219 928 3273 enim
947 3217 1078 3288 Phryges,
1096 3219 1136 3274 ite
1153 3237 1204 3289 per
1221 3220 1278 3275 alta

464 3296 606 3364 Dindyma,
623 3297 672 3350 ubi
689 3297 812 3351 adsuetis
829 3294 945 3349 biforem
963 3295 1012 3350 dat
1030 3295 1099 3350 tibia
1116 3299 1234 3351 cantum.

464 3372 602 3440 'l'ympana
619 3389 669 3427 vos
686 3371 832 3442 buxusque
849 3374 929 3425 vocat
946 3371 1110 3441 Berecyntia
1127 3372 1226 3427 Matris

464 3447 576 3501 Idaeae:
601 3448 682 3501 sinite
700 3464 776 3501 arma
792 3446 866 3514 viris,
885 3449 914 3500 et
931 3447 1023 3502 cedite
1040 3448 1123 3501 ferro.
1279 3460 1323 3494 m

464 3522 539 3576 Talia
555 3523 701 3576 iactantem
720 3522 803 3579 dictis
819 3538 854 3578 ae
871 3521 936 3579 dim
953 3527 1109 3579 canentem
1191 3589 1199 3600 ἶ

453 3598 517 3651 Non
537 3598 602 3652 tulit
620 3598 778 3669 Ascanius3
801 3616 954 3674 nervoque
971 3600 1119 3655 obuersus
1134 3600 1250 3658 esum

445 3672 599 3729 Contendit
619 3677 721 3749 telum,
741 3678 928 3750 diversaque
944 3675 1098 3734 bracchiis.
1116 3667 1237 3721 duem
