3467 4367
638 701 667 750 P.
687 701 840 751 VERGILI
857 703 1023 753 MARONIS

599 865 1058 943 GEORGIOON
1163 873 1174 892 ‘

657 1063 776 1118 LIBER
800 1063 1005 1119 SECUNDUS.

777 1246 875 1275 ...4-

404 1384 556 1440 Hacrnuus
573 1402 700 1439 arvorum
718 1387 806 1441 cultus
824 1394 853 1442 et
871 1390 961 1443 sidera
978 1391 1052 1460 caeli,

402 1460 480 1514 Nunc
499 1465 534 1527 te,
554 1461 668 1528 Bacche,
687 1478 790 1529 canam,
808 1482 858 1518 nec
876 1482 928 1518 non
948 1466 1082 1521 silvestria
1098 1471 1192 1523 tecum

402 1534 528 1605 Virgmlta
546 1540 575 1590 ct
592 1536 696 1605 prolem
714 1539 795 1593 tarde
812 1543 960 1595 crescentis
978 1543 1069 1597 olivae.

402 1613 470 1681 Huc,
489 1618 602 1683 patero
623 1614 745 1681 Lcnacc;
762 1617 816 1669 tuis
835 1617 878 1670 hic
896 1619 985 1672 omnia
1002 1619 1083 1687 plena

402 1691 566 1758 Muneribus,
585 1691 636 1744 tibi
655 1692 798 1759 pampineo
816 1693 945 1761 grandus
963 1698 1092 1748 autumno
1246 1714 1260 1753 a

401 1767 494 1823 Floret
512 1787 584 1838 agor,
603 1772 713 1837 spumat
731 1768 818 1835 plenis
835 1770 971 1823 vindemia
989 1770 1086 1836 labris3

401 1843 468 1910 lluq
486 1851 566 1915 pater
584 1864 599 1900 o
618 1847 735 1913 Lenaee,
755 1847 823 1912 veui,
841 1845 998 1915 nudataque
1015 1851 1105 1901 musto

400 1921 503 1991 lingue
520 1939 590 1976 novo
608 1941 713 1977 meeum
733 1922 856 1991 dereptis
874 1939 954 1976 crura
970 1923 1116 1977 cothurnis.

435 1999 568 2067 Principio
586 1999 729 2052 arboribus
751 2000 826 2051 varia
846 2001 888 2051 est
906 2003 1003 2052 natura
1021 1998 1150 2053 creandis.

400 2074 524 2143 Namque
542 2076 617 2142 aliae,
636 2074 719 2127 nullis
738 2075 877 2127 hominmn
896 2076 1061 2143 cogentibus,
1078 2076 1154 2143 ipsae
1233 2092 1259 2131 lc

400 2149 502 2218 Sponte
519 2168 568 2204 sua
585 2152 699 2208 veniunt
717 2167 881 2218 camposque
900 2155 929 2204 ct
947 2152 1056 2204 flmuina
1073 2151 1128 2204 late

400 2227 488 2281 Curva
506 2231 609 2294 tenent,
628 2230 659 2279 ut
678 2228 762 2280 molle
781 2226 852 2284 siler.
870 2226 1014 2296 lentaeque
1032 2230 1169 2295 genestae.

399 2303 518 2372 Populus
535 2309 565 2356 ct
581 2303 678 2371 glauca
697 2304 823 2357 canentia
840 2304 938 2358 fronde
958 2304 1069 2369 salicta3

399 2380 466 2434 Pars
484 2385 574 2435 autem
593 2381 681 2448 posito
702 2383 819 2446 surgunt
837 2379 872 2432 de
891 2382 1000 2448 semine,
1018 2382 1050 2433 ut
1067 2380 1140 2433 altae

1360 1761 1365 1866 i

399 2456 555 2526 Castaneae
574 2474 769 2524 nemorumque
790 2455 848 2509 lovi
866 2474 936 2526 quae
954 2473 1081 2510 maxuma
1097 2454 1210 2508 frondet
1232 2470 1257 2511 lt
1360 2475 1364 2514 f

400 2533 538 2599 Aesculus,
557 2538 639 2601 atquo
657 2532 767 2585 habitae
786 2533 875 2584 Graiis
893 2534 1000 2586 oracula
1017 2547 1140 2600 quercus

400 2609 517 2663 Pullulat
535 2610 570 2662 ab
588 2610 680 2664 radice
699 2609 759 2662 aliis
778 2608 938 2662 densissima
956 2610 1029 2675 silva,

399 2684 439 2740 Ut
455 2687 554 2742 cerasis
571 2686 720 2755 ulmisqne;
738 2687 822 2740 etiam
842 2683 973 2739 Parnasia
990 2686 1081 2739 laurus

400 2762 486 2817 Parva
504 2764 553 2816 sub
571 2764 676 2832 ingenti
695 2764 792 2818 matris
810 2779 840 2815 se
860 2762 967 2816 subiicit
985 2761 1087 2814 umbra

400 2839 458 2893 Hos
474 2843 572 2894 natura
590 2841 685 2895 modos
703 2842 820 2911 primum
841 2839 934 2903 dodit;
950 2838 993 2891 his
1010 2854 1096 2905 genus
1114 2852 1194 2891 omne
1232 2852 1259 2891 ao

398 2915 530 2971 Silvarum
546 2917 726 2989 fruticumque
744 2918 814 2972 viret
831 2933 1025 2986 nemorumque
1043 2930 1187 2967 sacrorum.

432 2993 501 3048 Sunt
518 2996 570 3065 alii,
590 3015 658 3066 quos
677 2999 737 3064 ipse
757 2995 800 3047 via
819 2993 870 3047 sibi
888 2993 1010 3061 repperit
1027 3008 1098 3044 usus.

399 3068 452 3124 Hic
468 3071 576 3138 plantas
595 3078 693 3127 tenero
712 3070 874 3124 abscindens
893 3069 928 3123 de
946 3085 1059 3137 corpore
1076 3074 1194 3121 matrum

399 3144 530 3217 Deposuit
548 3151 644 3215 sulcis;
662 3149 705 3202 hic
723 3148 822 3215 stirpes
841 3146 933 3200 obruit
952 3161 1022 3210 urvo,

399 3222 626 3294 Quadrifidasque
644 3225 734 3291 sudes,
753 3228 782 3277 et
799 3225 879 3278 acuto
898 3222 994 3275 robore
1015 3222 1116 3276 vallos:
1231 3229 1259 3272 Β

380 3295 579 3368 Silvarumque
596 3301 668 3357 alr'ae
686 3317 797 3372 pressos
814 3297 973 3370 propaginis
989 3311 1070 3351 arcias
