3467 4367
717 640 901 691 AENEIDOS
916 639 988 692 LIB.
1006 639 1056 689 VI.
1268 640 1314 690 201

459 719 503 773 Ac
520 718 595 773 velut
613 718 642 772 in
660 720 748 788 pratis
765 720 813 774 ubi
831 736 897 789 apes
915 724 1021 775 aestate
1039 736 1138 776 serena

461 794 588 849 Floribus
604 795 727 850 insidunt
745 796 833 864 variis,
851 799 881 851 et
898 796 1014 850 candida
1032 797 1133 850 circum
1223 797 1225 801 ⁴

460 871 530 925 Lilia
547 870 714 937 funduntur;
732 872 832 940 strepit
849 872 936 925 omnis
954 888 1093 925 murmure
1111 886 1233 941 campus.

460 947 605 1002 Horrescit
623 948 682 1000 risu
700 947 797 1013 subito,
816 963 979 1015 caussasque
997 947 1113 1016 requirit
1279 961 1315 1003 710

460 1022 566 1076 Inscius
585 1024 702 1089 Aeneas,
721 1040 792 1091 quae
810 1023 865 1075 sint
883 1038 916 1075 ea
933 1022 1044 1076 flumina
1062 1039 1151 1092 porro,

460 1100 546 1165 Quive
564 1099 616 1152 viri
634 1102 712 1153 tanto
731 1098 883 1166 conplerint
901 1097 1009 1166 agmine
1028 1099 1107 1168 ripas.

458 1173 527 1228 Tum
545 1179 626 1243 pater
644 1174 794 1229 Anchises:
813 1174 938 1241 Animae,
957 1173 1056 1242 quibus
1073 1175 1161 1229 altera
1177 1174 1236 1229 fato

458 1250 579 1319 Corpora
597 1250 742 1317 debentur,
760 1250 874 1304 Lethaei
893 1250 929 1303 ad
946 1250 1066 1304 fluminis
1083 1250 1185 1305 undam

457 1326 573 1380 Securus
590 1326 687 1380 latices
704 1330 733 1380 et
750 1327 830 1393 longa
848 1325 948 1379 oblivia
965 1329 1069 1393 potant.
1277 1340 1313 1381 717

458 1402 518 1455 Has
535 1402 665 1471 equidem
682 1418 834 1456 memorare
852 1401 903 1455 tibi
921 1404 1006 1470 atque
1024 1402 1169 1457 ostendere
1187 1418 1285 1471 eoram,

456 1478 625 1546 Iampridem
640 1478 710 1532 hanc
727 1478 832 1553 prolem
849 1478 928 1546 cupio
946 1494 1105 1531 enumerare
1123 1495 1253 1544 meorum,
1336 1510 1341 1518 ·

456 1553 516 1619 Quo
534 1554 621 1621 magis
639 1553 723 1607 ltalia
740 1570 846 1608 mecum
864 1554 968 1609 laetere
986 1557 1102 1622 reperta

456 1630 579 1699 Opater,
591 1646 661 1684 anne
672 1631 777 1700 aliquas
789 1631 825 1685 ad
841 1631 947 1686 caelum
965 1630 1027 1684 hinc
1043 1630 1084 1684 ire
1098 1629 1253 1699 putandum
1268 1633 1312 1692 est

378 1738 380 1741 -
416 1753 419 1760 .
456 1705 583 1759 Sublimis
601 1706 711 1774 animas,
729 1707 884 1775 iterumque
901 1706 938 1761 ad
956 1706 1037 1761 tarda
1054 1707 1156 1761 reverti
1275 1718 1312 1763 rat

456 1782 593 1851 Corporal
612 1799 684 1851 quae
702 1783 769 1837 lucie
787 1784 895 1839 miseris
912 1787 970 1839 tam
988 1783 1049 1837 dira
1066 1782 1182 1851 cupidol

455 1857 552 1912 Dicam
570 1859 704 1928 equidem,
723 1876 773 1914 nec
790 1864 820 1914 te
838 1877 1007 1929 suspensum,
1025 1863 1097 1927 nate,
1117 1858 1233 1925 tenebc;

455 1934 572 2004 Suscipit
592 1936 732 2003 Anchises,
750 1940 834 2005 atque
853 1938 949 1990 ordine
967 1936 1074 2004 singula
1091 1936 1195 2004 pandit

490 2011 626 2079 Principio
644 2012 748 2065 caelum
766 2030 798 2066 ac
815 2016 904 2066 terras
922 2027 1085 2079 camposque
1104 1985 1234 2080 liquenffs

455 2087 658 2156 Lucentemque
675 2087 787 2155 globum
805 2087 899 2140 Lunae
918 2088 1077 2154 Titaniaque
1096 2090 1171 2139 astra
1274 2100 1310 2143 aa

455 2163 572 2230 Spiritus
590 2162 739 2227 intus-alit,
757 2166 898 2231 totamque
916 2162 1006 2213 infusa
1022 2177 1072 2227 per
1090 2164 1167 2213 artus

455 2238 536 2291 Mens
554 2238 642 2304 agitat
659 2237 759 2289 molem
777 2241 806 2290 et
824 2254 922 2304 magno
941 2252 971 2289 se
987 2252 1101 2303 corpore
1119 2236 1221 2290 miscet.
1291 2235 1296 2240 ”

455 2313 526 2365 Inde
543 2313 681 2365 hominum
699 2312 890 2381 pecudumque
907 2329 992 2379 genus
1011 2311 1139 2380 vitaeque
1157 2312 1297 2368 volantum

455 2388 492 2440 Et
510 2404 581 2456 quae
598 2404 750 2441 marmoreo
768 2387 824 2442 fert
841 2391 964 2441 monstra
981 2387 1031 2442 sub
1049 2403 1166 2454 aequore
1184 2392 1292 2456 pontus.

455 2464 558 2531 lgneus
576 2470 619 2517 est
637 2464 696 2517 ollis
714 2464 790 2532 vigor
807 2468 836 2518 et
854 2464 980 2519 caelestis
997 2465 1073 2532 origo
1272 2478 1309 2521 ⁷³⁰

454 2539 615 2608 Seminibus,
634 2544 765 2609 quantum
782 2558 836 2594 nen
853 2541 934 2594 noxia
951 2557 1064 2609 corpora
1081 2543 1193 2597 tardant

454 2616 622 2685 Terrenique
639 2617 771 2671 hebetant
787 2620 865 2672 artus
882 2616 1097 2687 moribundaque
1114 2618 1244 2673 membru.

455 2693 527 2747 Hinc
551 2696 677 2748 metuunt
700 2694 875 2763 cupiuntque,
899 2693 993 2747 dolent
1016 2694 1200 2764 gaudentque,
1218 2711 1308 2765 neque

522 2785 603 2823 auras

455 2844 615 2913 Respiciunt
632 2845 739 2898 clausae
757 2845 880 2899 tenebris
897 2849 927 2899 et
943 2862 1052 2901 carcere
1069 2863 1155 2901 caeco.

454 2921 525 2985 Quin
543 2924 572 2975 et
590 2937 717 2989 supreme
734 2938 796 2975 curn
813 2922 915 2976 lumine
933 2922 990 2975 vita
1007 2922 1126 2990 reliquit,
1270 2937 1307 2979 737

453 2998 479 3051 N
481 3015 516 3051 on
534 3001 628 3051 tamen
646 3013 726 3051 omne
743 2997 845 3050 malum
861 2997 968 3051 miseris
986 3014 1036 3051 nec
1053 2998 1178 3052 funditus
1195 3015 1290 3055 omnes

454 3075 608 3144 Corporeae
625 3073 762 3148 excedunt
779 3077 879 3142 pestes,
896 3073 1059 3142 penitusque
1076 3092 1186 3129 necesse
1203 3079 1248 3131 est

453 3150 543 3204 Multa
560 3150 608 3205 diu
625 3153 753 3205 concreta
769 3150 858 3203 modis
876 3149 1024 3203 inolescere
1040 3150 1124 3207 miris.

453 3225 526 3294 Ergo
543 3230 708 3281 exercentur
724 3226 827 3295 poenis,
846 3230 1023 3295 veterumque
1039 3227 1173 3281 malorum

454 3301 591 3371 Supplicia
608 3302 780 3371 expendunt:
798 3303 867 3357 aliae
885 3302 1044 3371 panduntur
1060 3302 1148 3356 inanis
1269 3317 1306 3358 w

453 3378 606 3446 Suspensae
624 3379 660 3432 ad
678 3383 789 3443 ventos;
807 3379 867 3433 aliis
886 3378 936 3432 sub
953 3380 1061 3446 gurgite
1080 3382 1157 3433 vaste

455 3454 591 3509 lnfectum
609 3455 710 3508 eluitur
728 3456 822 3522 scelus,
840 3459 889 3508 aut
907 3455 1031 3509 exuritur
1048 3455 1128 3524 ignia

394 3581 403 3596 ,
454 3530 574 3598 Quisque
589 3545 653 3584 sues
669 3530 792 3601 patimur
810 3532 922 3601 Manis3
938 3532 1047 3589 arunde
1061 3547 1116 3601 per
1135 3525 1272 3593 mum

440 3604 585 3659 Mittinmr
602 3607 739 3680 Elysium,
759 3616 790 3668 et
808 3613 899 3684 pauci
914 3612 1001 3669 laeta
1017 3625 1093 3667 awi-
1106 3610 1276 3659 mmm
1347 3659 1381 3697 aa·

428 3674 528 3733 Donec
541 3680 630 3753 longa
649 3685 723 3755 dies,
741 3689 882 3762 perfecte
900 3689 1057 3762 temperis
1075 3682 1168 3744 orbes
