3467 4367
705 630 894 681 BUGOLICA.
923 630 999 680 ECL.
1017 631 1072 681 III.
1303 637 1318 680 ⁵

458 709 484 763 N
486 725 526 778 ec,
545 708 568 763 si
587 709 746 764 muneribus
763 713 861 779 certes,
879 710 1011 766 concedat
1030 710 1122 766 Iollas

458 783 533 853 Heu,
551 786 612 853 heu,
631 785 699 853 quid
716 786 789 841 volui
807 787 910 842 misero
927 786 1009 841 mihi!
1029 787 1142 842 floribus
1160 792 1284 843 austrum

458 860 591 915 Perditus
609 865 638 916 et
656 860 769 929 liquidis
786 863 878 917 inmisi
896 862 1018 917 lontibus
1036 880 1125 933 apros.

458 938 546 1003 Quem
564 937 644 1005 fugis,
663 938 706 1005 ah,
725 938 857 1002 demensi
876 939 1037 994 habitarunt
1055 940 1084 993 di
1102 957 1212 1009 quoque
1230 941 1312 996 silvas

457 1014 670 1083 Dardaniusque
690 1014 775 1068 Paris.
813 1015 911 1083 Pallas,
930 1032 998 1084 quas
1017 1016 1141 1070 condidit
1158 1033 1242 1086 arces,
1294 1034 1318 1073 cr

458 1091 525 1159 Ipsa
541 1091 632 1156 celat;
651 1090 730 1143 nobis
747 1090 875 1159 placeant
893 1095 958 1146 ante
976 1094 1067 1147 omnia
1084 1093 1174 1148 silvae.

456 1168 547 1221 'l'orva
564 1168 659 1221 leaena
676 1167 771 1236 lupum
790 1168 933 1235 seqnitur3
949 1169 1030 1238 lupus
1047 1169 1106 1239 ipse
1122 1170 1272 1238 capellam3

457 1244 618 1298 Florentem
635 1243 752 1312 cytisum
771 1245 897 1313 seqnitur
914 1244 1015 1299 lasciva
1032 1246 1151 1313 capella3

457 1320 497 1374 'le
510 1320 644 1389 Corydon,
656 1336 673 1373 o
686 1320 783 1375 Alexi:
796 1321 883 1374 trahit
893 1338 942 1375 sua
955 1338 1093 1391 quemque
1105 1323 1241 1391 voluptas.
1293 1337 1318 1377 aa

458 1396 569 1465 Aspice,
587 1400 680 1451 aratra
696 1396 761 1465 iugo
779 1398 905 1451 referunt
923 1392 1054 1467 suspensa
1071 1398 1185 1466 iuvenci,

458 1474 496 1527 nt
513 1473 554 1527 sol
573 1472 720 1528 crescentis
739 1472 875 1527 decedens
894 1473 1016 1543 duplicat
1033 1474 1162 1529 umbras:

457 1550 505 1604 Me
523 1554 617 1604 tamen
634 1550 690 1603 urit
708 1568 801 1616 amor;
819 1551 881 1620 quis
899 1550 971 1605 enim
989 1551 1086 1605 medus
1104 1551 1178 1606 adsit
1194 1551 1300 1607 amorii

458 1627 514 1694 Ah,
533 1626 668 1695 Corydon,
688 1626 822 1695 Corydon,
839 1644 910 1696 quae
929 1630 958 1681 te
977 1628 1117 1681 dementia
1134 1628 1223 1696 cepit!

458 1702 633 1771 Semiputata
650 1701 702 1757 tibi
721 1703 849 1757 frondosa
866 1705 932 1758 vitis
949 1703 978 1756 in
994 1704 1068 1757 ulmo
1087 1707 1136 1758 est.
1291 1716 1316 1758 ⁷0

459 1778 531 1843 Quin
549 1781 582 1831 tu
598 1778 704 1845 aliquid
722 1778 820 1833 saltem
837 1777 937 1848 petius,
955 1795 1072 1847 quorum
1089 1778 1197 1847 indiget
1213 1795 1287 1846 usus,

459 1853 616 1908 Viminibus
633 1854 763 1922 mollique
779 1870 860 1922 paras
879 1855 1011 1909 detexere
1028 1854 1124 1910 iuncol

459 1928 588 1986 Invenies
604 1930 696 1999 alium,
713 1930 738 1985 ai
754 1933 785 1985 te
801 1930 847 1985 hie
863 1930 980 1999 fastidit,
998 1929 1116 1985 Alexim

743 2139 933 2199 ECLOGA
962 2140 1024 2199 ΙΙΙ

781 2255 994 2307 PALAEMON.

625 2378 782 2435 muchs.
805 2376 962 2417 DAMODTAS.
985 2376 1145 2418 PALAEMON.

456 2472 500 2528 M.
518 2472 572 2529 Dio
589 2473 664 2542 mihi,
682 2474 824 2542 Damoeta,
842 2472 934 2527 cuium
951 2474 1053 2542 pecusl
1070 2490 1105 2526 an
1123 2472 1272 2529 Meliboei?

453 2548 491 2602 D.
511 2549 581 2618 Non,
599 2566 694 2603 rerum
715 2550 855 2617 Aegonis;
872 2566 961 2618 nuper
978 2549 1045 2602 mihi
1063 2549 1180 2604 tradidit
1199 2551 1305 2618 Aegon.

452 2624 494 2679 Μ.
514 2625 614 2679 Infelix
632 2642 648 2679 o
666 2643 783 2695 semper,
801 2627 866 2692 ovis,
885 2625 983 2694 pecus!
1002 2625 1061 2693 ipse
1079 2624 1216 2680 Neaeram

453 2699 524 2754 Dum
543 2702 624 2768 fovet,
643 2719 682 2770 ac,
700 2718 736 2755 nc
753 2719 798 2756 me
816 2701 868 2755 sibi
886 2703 1025 2770 praeferat
1042 2701 1096 2769 illa,
1113 2705 1232 2771 veretur,

451 2776 506 2831 Hic
524 2777 629 2832 alienus
647 2779 705 2832 ovis
723 2781 815 2833 custos
832 2778 876 2832 bis
894 2780 1000 2847 mulget
1016 2777 1045 2830 in
1063 2778 1138 2847 hora,
1301 2790 1315 2829 a

451 2852 488 2907 llt
505 2871 586 2908 sucus
602 2855 695 2923 pecori
715 2858 745 2909 et
762 2856 804 2909 lac
823 2855 987 2909 subducitur
1004 2855 1088 2922 agnis.

450 2930 487 2983 D.
506 2930 619 2985 Parcius
636 2930 691 2985 ista
707 2932 773 2985 viris
791 2935 885 2986 tamen
904 2930 1057 2985 obiicienda
1073 2933 1219 2985 memento.

451 3007 590 3076 Novimus,
609 3011 638 3061 et
656 3008 704 3077 qni
722 3012 759 3076 tc,
779 3013 935 3064 transversa
954 3006 1097 3063 tuentibus
1116 3006 1205 3073 hircis,

451 3084 488 3136 nt
505 3083 645 3152 quo-sed
662 3084 754 3138 faciles
773 3086 918 3155 Nymphae
938 3082 1166 3141 risere-sacello.

452 3160 492 3214 Μ.
511 3161 588 3228 Tum,
606 3161 697 3229 credo,
715 3177 777 3216 cum
794 3179 839 3216 me
857 3162 1001 3216 arbustum
1019 3161 1113 3215 videre
1130 3156 1246 3211 Miconis
1288 3172 1313 3209 ιο

451 3238 547 3307 Atque
565 3238 637 3291 mala
654 3238 719 3292 ritis
736 3238 857 3293 incidere
877 3238 947 3292 falce
966 3237 1092 3292 novellas.

451 3313 488 3368 D.
507 3316 567 3367 Aut
584 3313 629 3367 hic
647 3315 683 3368 ad
701 3313 802 3367 veteris
821 3315 898 3383 fagos
915 3331 977 3367 cum
996 3311 1151 3382 Daphnidis
1168 3324 1260 3363 arcum

451 3390 572 3459 Fregisti
591 3394 620 3445 et
638 3392 771 3446 calamos:
792 3407 862 3459 quae
881 3393 920 3457 tu,
937 3405 1067 3458 perverse
1086 3386 1218 3452 Menalca,

450 3457 496 3534 ht,
513 3484 573 3521 cum
593 3469 686 3522 vidisti
704 3484 792 3537 puero
811 3468 925 3539 donata,
943 3466 1072 3536 delohas,

438 3542 487 3606 Ei,
505 3543 533 3594 si
549 3561 604 3596 non
623 3545 719 3615 aliqua
736 3547 892 3620 nocuisses,
910 3551 1048 3604 mortuus
1068 3558 1160 3600 esses.

425 3612 476 3666 M
493 3616 568 3680 Quid
587 3621 698 3678 domini
717 3625 839 3700 iaciant,
861 3628 977 3686 audent
998 3642 1070 3682 esum
1086 3620 1168 3677 talia
1179 3606 1287 3668 ausast

413 3683 482 3742 Non
502 3708 557 3759 ego
577 3699 609 3751 te
628 3698 691 3757 ridi
712 3704 876 3781 Damonis,
893 3707 1047 3781 pessime,
1065 3708 1202 3770 “mm

1323 3538 1357 3574 ub
