3467 4367
470 634 517 680 260
700 630 728 676 P.
750 628 903 676 VERGILI
921 628 1089 678 MARONIS

470 709 622 763 Transfossi
640 708 713 776 ligno
732 709 851 763 veniunt.
888 710 944 763 Vix
962 727 1032 764 unus
1052 712 1175 766 Helenor

470 787 507 840 Et
525 786 614 853 Lycus
632 786 731 853 elapsi,
757 802 873 854 quorum
891 786 1047 855 primaevus
1067 788 1198 858 Helenor,
1286 804 1324 845 555

470 862 594 915 Maeonio
613 861 672 927 regi
691 878 772 928 quem
791 878 870 915 serva
889 862 1028 931 Licymnia
1045 863 1141 918 furtim

470 938 625 992 sustulerat
643 937 792 1005 vetitisque
810 938 847 991 ad
865 938 973 991 Troiam
992 940 1104 993 miserat
1121 939 1213 1008 armis,

469 1014 542 1067 Ense
560 1013 628 1066 levis
646 1013 720 1066 nudo
738 1030 890 1083 parmaque
908 1014 1039 1082 inglorius
1056 1014 1124 1068 alba

470 1090 554 1159 Isque
571 1089 620 1142 ubi
638 1107 668 1143 se
686 1090 771 1143 Turni
789 1092 881 1144 media
900 1090 974 1144 inter
992 1091 1066 1143 milia
1083 1090 1160 1158 vidit,

469 1167 542 1221 Hinc
560 1167 632 1221 acies
651 1171 735 1236 atque
754 1167 817 1221 hinc
835 1168 906 1222 acies
924 1167 1034 1220 adstare
1053 1167 1195 1221 Latinas:'
1285 1183 1325 1222 555

468 1242 509 1296 Ut
525 1243 592 1308 fera,
611 1261 689 1313 quae,
707 1244 793 1298 densa
808 1249 956 1298 venantum
974 1246 1070 1311 saepta
1086 1258 1191 1311 corona,

469 1318 571 1373 Contra
590 1320 645 1372 tela
663 1320 736 1386 furit,
756 1336 871 1388 seseque
888 1319 963 1372 haud
980 1321 1072 1373 nescia
1089 1319 1169 1372 mort‘

469 1393 562 1448 Iniieit
580 1399 609 1449 et
627 1396 700 1449 saltu
718 1413 800 1465 supra
817 1396 951 1449 venabula
967 1395 1064 1462 fertur,

469 1470 553 1524 Haud
571 1472 652 1526 aliter
669 1473 774 1525 invenis
791 1471 897 1525 medios
916 1472 1064 1524 moriturus
1081 1471 1110 1523 in
1127 1471 1214 1526 hostis

469 1547 567 1614 Inruit,
586 1552 623 1616 et,
641 1565 696 1616 qua
712 1548 768 1601 tela
787 1548 862 1601 videt
881 1548 1049 1615 densissima,
1066 1547 1164 1601 tendit.
1283 1565 1321 1604 555

468 1624 509 1676 At
526 1623 643 1692 pedibus
661 1625 741 1690 longe
760 1624 856 1677 melior
875 1624 962 1691 Lycus
980 1624 1053 1677 inter
1070 1626 1100 1677 51
1117 1624 1204 1679 hostis

468 1698 547 1767 Inter
564 1702 594 1753 et
612 1716 687 1752 arma
704 1700 769 1767 fuga
786 1716 879 1752 muros
896 1701 981 1766 tenet,
998 1699 1110 1768 altaque
1128 1704 1217 1755 certat

468 1771 608 1827 Prendere
626 1778 701 1829 tecta
718 1792 799 1828 manu
818 1775 976 1843 sociumque
994 1776 1131 1842 attingere
1150 1776 1273 1832 dextras.

468 1848 555 1913 Quem
573 1851 688 1916 Turnus,
706 1852 811 1918 pariter
828 1868 911 1904 cursu
929 1851 1040 1919 teloque
1059 1855 1174 1919 secutus,

468 1926 597 1995 Increpat
615 1926 658 1980 his
676 1926 777 1981 vietor:
802 1928 954 1981 Nostraene
973 1926 1098 1995 evadere,
1117 1928 1236 1993 demens,
1280 1945 1319 1985 555

444 2037 448 2042 ·
466 2002 591 2070 Sperasti
608 2006 638 2056 te
655 2020 735 2072 posse
752 2005 865 2057 manusl
890 2003 969 2056 simul
987 2003 1085 2070 arripit
1102 2004 1190 2072 ipsum

467 2078 645 2145 Pendentem,
664 2082 693 2133 et
710 2096 809 2147 magna
825 2079 896 2131 muri
914 2095 975 2132 cum
993 2082 1072 2147 parte
1090 2080 1211 2133 revellit:

468 2154 564 2219 Qualis
581 2154 628 2207 ubi
646 2159 696 2209 aut
712 2155 833 2224 leporem
852 2158 900 2208 aut
917 2154 1044 2207 candenti
1062 2171 1174 2223 corpore
1192 2172 1307 2223 cycnum

466 2228 584 2283 Sustulit
602 2231 658 2284 alta
675 2235 772 2300 petens
790 2230 907 2299 pedibus
926 2230 1000 2282 lovis
1018 2230 1137 2297 armiger
1153 2232 1237 2296 uncis,
1273 2292 1276 2297 ,

466 2306 625 2369 Quaesitum
643 2310 692 2360 aut
709 2307 790 2360 matri
809 2306 903 2360 multis
920 2304 1058 2374 balatibus
1075 2322 1172 2373 agnum
1278 2324 1316 2363 555

457 2380 582 2434 Martius
600 2399 617 2435 a
635 2381 751 2436 stabulis
768 2382 860 2449 rapuit
878 2382 965 2449 lupus.
995 2381 1125 2451 Undique
1142 2383 1244 2437 elamor

465 2456 595 2522 Tollitur3
618 2457 752 2511 invadunt
769 2462 797 2511 et
815 2459 901 2510 fossas
915 2474 1015 2525 aggere
1032 2458 1174 2526 conplent;

465 2532 598 2586 Ardentis
616 2533 712 2587 taedas
730 2533 776 2585 alii
795 2533 830 2586 ad
847 2533 958 2600 fastigia
975 2532 1083 2587 iactant.

465 2607 586 2661 llioneus
603 2624 669 2662 saxo
684 2613 768 2677 atque
785 2608 889 2676 ingenti
907 2609 1039 2675 fragmine
1057 2610 1156 2662 montis

464 2682 614 2750 Lucetium,
631 2688 727 2752 portae
745 2683 910 2737 subeuntem
927 2684 1051 2751 ignisque
1065 2685 1206 2751 ferentem,
1275 2701 1314 2743 ero
1334 2710 1342 2720 ‚

464 2758 627 2813 Emathiona
646 2760 735 2828 Liger,
756 2760 925 2828 Corynaeum
944 2760 1044 2812 sternit
1064 2760 1162 2830 Asilas,

464 2834 518 2889 Hie
535 2836 623 2889 iaculo
640 2836 734 2904 bonus,
752 2837 797 2889 hio
814 2838 895 2902 louge
912 2835 1024 2889 fallente
1042 2836 1156 2903 sagitta3

463 2910 606 2980 Ortygium
626 2913 756 2980 Caeneus,
774 2912 906 2965 victorem
925 2910 1032 2964 Caenea
1050 2911 1163 2977 Turnus,

463 2986 571 3040 Turnus
590 2988 663 3055 Itym
682 2989 870 3055 Cloniumque,
888 2986 1055 3054 Dioxippum
1074 2986 1292 3059 Promolumque,

464 3063 499 3115 Et
514 3063 637 3130 Sagarim
650 3068 679 3117 et
692 3064 804 3116 summis
819 3066 938 3116 stantem
950 3078 1001 3130 pro
1013 3062 1135 3115 turribus
1148 3062 1232 3128 Idan;
1273 3080 1311 3120 515

465 3139 623 3192 Privernum
642 3140 737 3208 Capys.
774 3140 856 3192 Hune
874 3139 961 3207 primo
979 3138 1047 3191 levis
1065 3138 1143 3191 hasta
1161 3139 1311 3196 Themillae

462 3214 630 3268 strinxerat:
655 3216 702 3268 ille
721 3232 830 3268 manum
849 3215 971 3283 proiecto
989 3215 1110 3281 tegmine
1129 3215 1242 3270 demens

462 3289 510 3341 Ad
527 3289 622 3342 volnus
641 3291 719 3355 tulit;
744 3308 808 3358 ergo
827 3291 877 3343 alis
896 3290 1009 3358 adlapsa
1027 3291 1129 3357 sagitta

461 3365 498 3417 Et
515 3365 592 3417 laevo
610 3364 700 3418 adfixa
719 3371 761 3419 est
779 3367 858 3419 lateri
876 3383 980 3433 manus,
998 3366 1148 3435 abditaque
1165 3367 1238 3421 intus

454 3440 633 3509 spiramenta
650 3442 756 3495 animae
775 3442 848 3495 letali
867 3443 977 3495 volnere
994 3441 1077 3510 rupit.
1272 3457 1310 3497 tao

439 3515 547 3571 Stabat
564 3518 593 3572 in
614 3520 740 3591 egregiis
760 3519 896 3575 Areentis
911 3518 986 3571 illius
1001 3517 1095 3583 armis,

425 3589 533 3648 Pietas
552 3614 607 3652 aeu
628 3599 818 3673 chlamydem
836 3603 867 3655 51
885 3594 1033 3663 ferrugine
1050 3592 1142 3645 elarus
1152 3590 1275 3652 Himera,

419 3662 660 3752 '11⁸1'g1n'sfacie,
679 3683 807 3755 genitor
828 3693 922 3753 quem
936 3675 1060 3729 miserat
1081 3667 1197 3724 aerem,
