3467 4367
474 642 520 687 120
705 638 735 687 P.
753 636 910 686 VERGILI
928 635 1095 685 MARONIS

472 721 536 789 Ipse
555 720 651 775 subibo
668 720 796 788 humeris,
815 736 867 774 nee
884 736 929 773 me
946 719 1024 773 labor
1040 719 1094 773 iste
1111 717 1258 787 gravabit3

472 798 531 862 Quo
544 815 716 866 roseumque
729 797 836 865 cadent,
848 814 933 850 unum
946 799 975 850 et
987 811 1129 850 commune
1142 795 1286 865 periclum,

471 874 534 928 Una
552 875 625 927 salus
643 874 773 927 ambobus
792 874 852 927 erit.
888 873 956 926 Mihi
974 888 1075 942 parvus
1094 872 1171 925 Iulus
1298 883 1335 925 ⁷1⁰

472 951 513 1004 Sit
531 968 628 1018 comes,
646 941 675 1005 et
693 951 773 1018 longe
792 955 883 1006 servet
902 951 1017 1018 vestigia
1034 949 1160 1004 coniunx.
1228 933 1366 1002 aluisti.

472 1027 537 1095 Vos,
555 1027 657 1094 famuli,
676 1044 747 1096 quae
765 1026 863 1094 dicam,
883 1027 980 1080 animis
998 1025 1137 1079 advertite
1154 1026 1284 1104 vestrisl

472 1103 522 1157 Est
540 1104 608 1157 urbe
626 1105 743 1172 egressis
759 1104 884 1176 tumulus
902 1103 1090 1172 templumque
1107 1104 1251 1156 veturstum
1348 1141 1370 1170 ,.

472 1180 605 1235 Desertae
624 1180 739 1246 Cereris,
758 1180 890 1254 iuxtaque
909 1180 1023 1248 antiqua
1039 1194 1184 1247 cupressus
1255 1201 1306 1264 W
1317 1166 1340 1202 ³⁴

472 1256 615 1324 Religione
632 1261 742 1325 patrum
761 1256 862 1310 multos
881 1259 990 1310 servata
1006 1271 1057 1323 per
1074 1270 1167 1308 annos.
1230 1246 1256 1294 V*
1296 1268 1334 1312 ⁷1⁶

472 1332 552 1387 Hanc
569 1350 604 1387 ex
621 1334 729 1387 diverso
746 1332 839 1387 sedem
857 1333 996 1387 veniemus
1014 1332 1042 1384 in
1060 1346 1149 1384 unam.

471 1408 520 1475 uu,
537 1411 652 1478 genitor,
670 1427 737 1479 cape
756 1426 833 1463 sacra
850 1426 933 1463 manu
950 1408 1109 1478 patriosque
1127 1405 1259 1473 Penatis;

472 1484 526 1551 Me,
545 1485 617 1539 bello
635 1504 650 1539 e
668 1490 747 1540 tanto
766 1485 919 1553 digressum
938 1488 967 1539 et
985 1483 1069 1539 caede
1086 1482 1200 1551 recenti,

472 1561 632 1615 Attrectare
650 1563 734 1625 nefus,
753 1561 840 1615 donec
857 1577 903 1615 me
921 1560 1032 1614 flumine
1049 1560 1110 1612 vivo

473 1637 602 1690 Abluero.
1193 1697 1219 1710 ..
1296 1648 1334 1692 72⁰

507 1713 584 1766 Haec
602 1714 683 1781 fatus,
701 1713 772 1766 latos
789 1713 918 1767 humeros
936 1712 1112 1782 subiectaque
1128 1711 1199 1767 colla

411 1824 418 1838 .
472 1788 558 1843 Veste
576 1806 658 1857 super
675 1789 796 1857 fulvique
814 1788 953 1843 insternor
970 1789 1042 1858 pelle
1060 1789 1152 1855 leonis,

472 1864 649 1932 succedoque
667 1865 759 1928 oneri;
785 1864 902 1919 dextrae
920 1882 949 1919 se
967 1882 1066 1933 parvus
1084 1866 1162 1919 Iulus

472 1940 602 2010 Inplicuit
621 1940 800 2009 sequiturque
818 1944 927 2009 patrem
945 1958 999 1995 non
1016 1942 1140 2010 passibus
1158 1942 1270 2011 aequis3

472 2016 546 2070 Pone
564 2016 638 2082 subit
655 2017 782 2071 coniunx.
819 2017 945 2070 Ilerimur
961 2034 1012 2086 per
1029 2034 1113 2087 opaca
1130 2017 1268 2085 loeorum;
1296 2033 1334 2073 rra

472 2092 508 2145 llt
525 2110 578 2158 me,
597 2110 678 2161 quem
697 2092 802 2146 dudum
821 2110 875 2147 non
894 2094 949 2146 ulla
962 2094 1065 2147 iniecta
1083 2094 1232 2149 movebant

471 2167 538 2222 'l'ela
554 2186 644 2237 neque
662 2168 776 2223 advorso
793 2169 939 2237 glomerati
956 2186 990 2223 ex
1009 2170 1116 2237 agmine
1135 2170 1218 2239 Graii,

471 2243 551 2298 Nunc
568 2262 661 2300 omnes
678 2249 786 2300 terrent
803 2261 894 2312 aurae,
912 2261 993 2298 sonus
1012 2246 1114 2300 excitat
1132 2246 1222 2301 omnis

472 2320 638 2390 Suspensum
657 2325 687 2375 et
704 2322 809 2390 pariter
826 2321 974 2390 comitique
992 2322 1121 2391 onerique
1139 2323 1292 2378 timentem

507 2397 620 2466 Iamque
633 2398 849 2466 propinquabam
860 2398 956 2465 portis,
968 2414 1131 2465 omnemque
1143 2396 1260 2453 videbar
1294 2384 1334 2453 ἵει)

471 2472 597 2527 Evasisse
615 2474 692 2537 riam,
711 2473 801 2526 subito
820 2489 882 2527 cum
900 2473 996 2527 creber
1014 2474 1049 2527 ad
1068 2475 1141 2527 auris
1374 2510 1377 2517 «

471 2548 554 2601 Visus
566 2548 663 2601 adesse
674 2547 776 2616 pedum
789 2548 902 2616 sonitus,
913 2550 1076 2619 genitorque
1088 2567 1139 2618 per
1150 2550 1279 2606 umbram
1312 2545 1342 2586 Ψ
1354 2540 1377 2562 ⁹

472 2623 651 2693 Prospiciens,
669 2623 695 2675 N
697 2626 750 2689 ate,
769 2624 912 2691 exclamat,
930 2625 1002 2694 fuge,
1021 2628 1101 2691 nate;
1119 2619 1315 2695 propinquant:

473 2699 606 2753 Ardentis
624 2698 726 2768 clipeos
745 2702 828 2767 atque
846 2715 911 2753 acra
929 2701 1056 2755 micantia
1074 2718 1164 2756 cerno.

473 2774 527 2826 Hic
538 2774 603 2828 mihi
615 2775 707 2828 nescio
719 2774 793 2843 quod
805 2776 916 2844 trepido
928 2777 999 2831 male
1011 2779 1111 2832 numen
1123 2778 1241 2834 amicum
1295 2794 1335 2835 aas

472 2850 618 2904 Confusam
637 2852 737 2919 eripuit
755 2856 884 2906 mentem.
921 2851 1047 2921 Namque
1065 2853 1127 2907 avia
1143 2859 1237 2909 cursu'

473 2926 546 2978 Dum
564 2943 663 2995 sequor
681 2932 710 2981 et
727 2931 794 2981 nota
811 2926 914 2981 excedo
933 2928 1046 2995 regione
1064 2928 1178 2999 viarum,

472 3001 552 3056 Heu!
571 3004 670 3057 misero
688 3004 804 3057 coniunx
821 3003 914 3057 fatone
932 3007 1028 3072 erepta
1046 3005 1150 3059 Creusa

472 3076 610 3145 Substitit,
622 3080 758 3133 erravitne
776 3080 828 3148 via,
846 3095 895 3132 seu
913 3078 984 3132 lassa
1001 3080 1114 3149 resedit,

472 3154 628 3218 Incertunr;
650 3172 700 3208 nee
719 3161 783 3224 post
801 3155 886 3210 oculis
906 3159 949 3208 est
966 3155 1078 3210 reddita
1095 3156 1226 3234 nostriss
1296 3171 1335 3213 ⁷40

472 3230 497 3282 N
500 3246 531 3283 ec
548 3230 623 3299 prius
642 3232 769 3285 amissam
786 3231 895 3299 respexi
914 3232 1089 3300 animumque
1107 3232 1211 3302 reflexi,

472 3307 559 3372 Quam
578 3307 713 3360 tumulum
731 3307 860 3376 antiquae
879 3306 986 3361 Cereris
1005 3308 1153 3377 sedemque
1171 3313 1308 3366 sacratum

471 3378 620 3448 Venimus}
640 3383 684 3436 hic
703 3382 813 3435 demum
831 3382 952 3437 collectis
970 3383 1096 3438 omuibus
1112 3401 1167 3438 una

463 3458 569 3523 Defuit,
590 3462 620 3513 et
638 3458 752 3513 comites
769 3462 920 3529 natumque
938 3460 1082 3527 virumque
1099 3459 1207 3515 fefellit.

451 3525 543 3594 Quem
555 3552 612 3588 non
624 3536 752 3591 incusavi
765 3554 865 3593 amens
877 3537 1080 3606 hominumque
1092 3536 1276 3599 deorumque,
1302 3549 1345 3586 ’Νι

431 3606 501 3660 Αυί
520 3612 595 3678 quid
614 3614 646 3671 in
666 3633 771 3672 eversa
792 3618 853 3673 vidi
875 3614 1024 3672 crudelius
1040 3610 1135 3687 nrbel
1304 3673 1311 3687 ἱ

419 3676 587 3782 {mnium
615 3694 839 3770 Anchisenque
858 3699 985 3770 patrem
1003 3676 1337 3751 uencrmuufflm
