3467 4367
705 627 911 678 GEORGICON
930 629 998 681 LIB.
1014 630 1036 680 Ι.
1266 630 1298 678 25

446 708 492 760 An
510 706 579 760 deus
596 706 713 761 inmensi
731 709 824 762 venias
842 709 931 775 maris,
949 727 981 764 ac
998 714 1047 765 tua
1064 715 1164 766 nautae

446 782 566 836 Numina
583 783 641 837 sola
659 784 757 851 colant,
775 785 827 837 tibi
846 787 947 839 serviat
964 787 1062 839 ultima
1080 786 1174 854 Thule,
1275 803 1299 842 so

444 857 540 926 'leque
558 858 611 911 sibi
629 875 760 925 generum
779 859 882 928 Tethys
899 865 974 915 emat
991 861 1116 915 omnibus
1135 861 1223 927 undis,

444 935 528 988 Anne
547 952 646 988 novum
664 935 753 989 tardis
771 935 847 989 sidus
865 939 894 990 te
912 936 1051 991 mensibus
1070 937 1164 1004 addas,

444 1010 506 1075 Qua
524 1011 599 1065 locus
619 1011 755 1078 Erigonen
773 1011 847 1065 inter
865 1011 1019 1080 Chelasque
1038 1013 1179 1082 sequentis

444 1087 598 1152 Panditur3
615 1087 675 1155 ipse
692 1086 744 1140 tibi
761 1088 816 1140 iam
833 1086 961 1141 bracchia
977 1089 1113 1142 contrahit
1130 1088 1230 1141 ardens

444 1163 578 1232 Scorpios,
596 1166 626 1216 et
643 1161 711 1216 caeli
729 1162 802 1216 iusta
819 1163 881 1232 plus
898 1166 978 1231 parte
996 1164 1124 1233 reliquit3
1273 1178 1298 1217 ³⁵

445 1239 587 1308 Quidquid
605 1240 765 1306 oria-nam
784 1242 813 1292 te
830 1255 881 1293 neo
899 1243 1009 1307 sperant
1027 1240 1141 1294 Tartara
1158 1256 1259 1307 regem,

444 1314 471 1366 N
473 1331 505 1368 ec
521 1315 574 1368 tibi
591 1315 724 1383 regnandi
743 1315 834 1369 veniat
852 1319 909 1368 tam
928 1314 989 1369 dira
1006 1315 1122 1384 cupido;

445 1390 575 1455 Quamvis
594 1390 699 1459 Elysios
716 1392 833 1445 miretur
851 1390 968 1444 Graecia
985 1406 1100 1459 campos,

444 1465 471 1519 N
473 1482 505 1520 ec
522 1467 641 1535 repetita
659 1468 736 1535 sequi
754 1471 833 1521 curet
851 1466 1016 1535 Proserpina
1033 1470 1185 1521 matrem-

404 1597 406 1602 ,
445 1542 488 1596 Da
505 1542 612 1596 facilem
630 1559 747 1608 cursum,
765 1546 850 1612 atque
867 1542 1017 1597 audacibus
1034 1543 1123 1597 adnue
1140 1543 1252 1613 coeptis,
1276 1558 1301 1599 so

445 1619 616 1688 Ignarosque
633 1618 693 1671 viae
711 1635 818 1673 mecum
836 1620 981 1673 miseratus
999 1620 1116 1689 agrestis

446 1693 603 1761 Ingredere,
623 1698 652 1748 et
669 1695 741 1747 votis
758 1695 813 1748 iarn
831 1712 901 1749 nunc
919 1696 1050 1749 adsuesce
1067 1695 1164 1749 vocari.
1191 1720 1193 1723 ·

479 1768 554 1824 Vere
571 1785 649 1837 novo,
666 1770 775 1837 gelidus
793 1771 867 1824 canis
886 1787 946 1824 cum
966 1771 1104 1824 montibus
1122 1771 1219 1824 humor

445 1844 574 1913 liquitur
592 1849 621 1900 ot
639 1846 763 1914 Zephyro
780 1847 870 1916 putris
888 1864 918 1900 se
935 1846 1033 1914 glaeba
1050 1847 1168 1914 resolvit,

444 1920 581 1989 Depresso
598 1921 711 1990 incipiat
728 1922 782 1975 ianr
800 1925 860 1975 tum
878 1922 945 1976 mihi
963 1926 1057 1975 taurus
1074 1926 1166 1976 aratro
1277 1935 1302 1975 4⁵

444 1996 596 2064 Ingemere,
615 2000 644 2051 et
662 1998 736 2051 sulco
754 1998 868 2051 attritus
887 1997 1077 2065 splendescere
1094 2014 1195 2051 vomer.

444 2071 498 2124 Illa
514 2088 592 2140 seges
609 2073 720 2126 demum
737 2074 808 2128 votis
826 2074 973 2141 respondet
991 2074 1064 2127 avari

443 2147 598 2216 Agricolae,
617 2148 660 2203 bis
679 2166 750 2219 quae
767 2150 858 2215 solem,
879 2149 922 2202 bis
939 2149 1042 2217 frigora
1061 2149 1161 2215 sensit3

443 2224 524 2278 Illius
542 2224 681 2279 inmensae
699 2229 833 2293 ruperunt
850 2226 950 2279 horrea
967 2241 1077 2277 messes.

444 2299 486 2353 At
496 2300 573 2368 prius
584 2301 709 2367 ignotum
721 2303 795 2355 ferro
808 2318 890 2370 quam
904 2300 1052 2353 scindimus
1064 2317 1175 2368 aequor,
1274 2316 1300 2356 so

447 2375 551 2430 Ventos
569 2380 598 2430 et
615 2378 721 2431 varium
738 2377 805 2431 caeli
823 2376 997 2444 praediscere
1015 2392 1119 2429 rnorem

443 2451 517 2506 Cura
534 2453 571 2506 sit
588 2469 620 2506 ao
637 2454 741 2521 patrios
759 2453 904 2520 cultusque
922 2451 1085 2520 habitusque
1103 2452 1231 2521 locorum,

443 2528 480 2581 nt
492 2528 560 2597 quid
572 2545 697 2597 quaeque
710 2529 781 2582 ferat
794 2528 876 2595 regio,
890 2532 918 2581 et
931 2528 997 2597 quid
1010 2544 1136 2597 quaeque
1153 2532 1271 2583 recuset.

444 2604 499 2657 Hic
517 2610 632 2673 segetes,
650 2605 705 2678 illic
723 2606 834 2658 veniunt
852 2604 956 2658 felicius
973 2621 1059 2670 uvae;

444 2681 563 2734 Arborei
580 2681 654 2734 fetus
672 2680 744 2747 alibi,
763 2685 848 2750 atque
866 2681 969 2733 iniussa
988 2682 1126 2735 virescunt
1277 2694 1301 2734 ss

442 2757 580 2810 Gramina
617 2756 715 2811 Nonne
733 2756 817 2821 vidos,
837 2773 945 2811 croceos
962 2759 994 2810 ut
1013 2756 1123 2810 Tmolus
1142 2756 1248 2824 odores,

443 2832 524 2885 India
542 2833 630 2887 mittit
648 2833 724 2899 ebur,
742 2833 837 2886 molles
856 2850 905 2885 sua
924 2836 988 2886 tura
1006 2832 1112 2899 Sabaei,

443 2909 484 2961 At
503 2908 636 2977 Chalybes
655 2908 720 2961 nudi
740 2909 850 2974 ferrum,
871 2908 1014 2975 virosaque
1033 2907 1138 2961 Pontus

442 2983 580 3050 Castorea,
599 2984 725 3041 Eliadum
744 2985 848 3054 palmas
867 2984 965 3051 Epiros
983 2986 1133 3051 equaruml

442 3059 579 3113 Continuo
597 3060 646 3112 has
664 3060 737 3127 leges
756 3064 923 3128 aeternaque
943 3059 1054 3113 foedera
1073 3060 1157 3113 certis
1278 3075 1303 3113 oo

444 3135 569 3203 Inposuit
587 3139 685 3189 natura
702 3135 775 3204 locis,
796 3153 849 3205 quo
869 3139 994 3204 tempore
1010 3136 1129 3203 primum

446 3211 592 3266 Deucalion
610 3229 724 3266 vacuum
743 3212 854 3279 lapides,
868 3211 980 3265 iactavit
999 3212 1027 3264 in
1045 3211 1147 3274 orbem,

443 3286 524 3341 Unde
542 3288 665 3341 homines
684 3289 749 3354 nati,
768 3288 868 3341 durum
887 3304 979 3355 genus.
1017 3287 1089 3354 Ergo
1108 3303 1167 3355 age,
1186 3288 1284 3340 terrae>

443 3364 549 3431 Pingue
568 3364 655 3419 solum
673 3364 769 3429 primis
788 3364 926 3431 extemplo
945 3380 962 3416 a
979 3362 1119 3416 mensibus
1136 3362 1201 3416 anni

443 3439 541 3493 Fortes
557 3440 696 3493 invertant
713 3438 793 3507 tauri,
811 3438 981 3509 glaebasque
996 3438 1119 3507 iacentis
1297 3447 1329 3481 *ἃ

437 3514 632 3568 Pulverulenta
650 3521 753 3585 coquat
771 3518 895 3575 maturis
914 3518 1026 3574 solibus
1043 3519 1170 3579 aestas3

424 3590 468 3640 At
484 3589 512 3641 si
526 3605 582 3646 non
600 3591 690 3649 fuera
711 3597 802 3653 tellus
821 3598 967 3669 fecunda,
984 3596 1046 3655 snb
1062 3596 1169 3666 ipsum

413 3662 571 3722 Arcturum
591 3671 672 3727 tenui
694 3680 743 3734 sat
763 3680 826 3738 erit
846 3672 1176 3755 suspenderemus.
