3467 4367
674 628 877 676 GEORGIOON
896 626 966 675 LIB.
986 627 1036 675 ΙΙΙ.
1267 625 1297 671 59

444 709 482 762 Et
499 713 620 761 mentem
638 708 732 761 Venus
748 707 807 775 ipsa
825 707 912 775 dedit,
930 724 985 775 quo
1002 710 1126 775 tempore
1143 703 1240 759 Glauci

444 784 594 838 Potniades
611 784 690 837 malis
707 783 831 836 membra
848 784 1025 853 absumpsere
1043 782 1201 851 quadrigae.

444 860 512 914 Illas
530 859 607 913 ducit
625 876 701 912 annor
719 862 795 912 trans
813 859 937 927 Gargara
955 863 1087 927 transque
1106 861 1244 912 sonantem
1342 900 1347 909 .

444 936 609 992 Ascanium:
627 938 758 1004 superant
775 936 876 989 montis
894 939 923 989 et
941 931 1052 988 flumina
1070 938 1188 988 tranant.
1262 948 1298 987 aro

443 1012 635 1080 Continuoque
652 1011 740 1064 avidis
758 1011 805 1063 ubi
824 1011 934 1064 subdita
952 1011 1061 1063 flamma
1078 1010 1239 1064 medullis-

442 1086 518 1143 Vere
536 1089 630 1156 magis,
648 1088 713 1156 quia
730 1103 795 1139 vere
812 1088 885 1140 calor
903 1087 978 1141 redit
996 1086 1200 1141 ossibus-illae

443 1166 499 1219 Ore
518 1181 612 1218 omnes
629 1180 725 1217 versae
743 1163 771 1215 in
790 1162 944 1232 Zephyrum
964 1166 1039 1216 stant
1056 1164 1172 1234 rupibus
1188 1162 1258 1225 altis,

442 1241 653 1310 Exceptantque
669 1239 737 1292 levis
755 1255 842 1306 auras,
861 1243 891 1293 et
909 1256 990 1307 saepe
1010 1240 1068 1293 sine
1086 1240 1148 1293 ullis

443 1316 583 1383 Coniugiis
601 1319 684 1368 vento
701 1314 990 1382 gravidae-mirabile
1009 1315 1119 1369 dictu-
1262 1328 1298 1367 aa

442 1394 515 1447 Saxa
532 1395 628 1461 peret
647 1391 770 1459 scopulos
785 1394 817 1444 -et
835 1390 979 1459 depressas
997 1392 1125 1445 nonnullis

443 1469 605 1537 Diffugiunt,
624 1484 685 1531 non,
704 1467 784 1534 Eure,
803 1469 873 1533 tuos,
891 1483 981 1535 neque
1000 1468 1070 1521 Solis
1088 1468 1124 1521 ad
1141 1472 1224 1536 ortus,

444 1546 479 1599 In
498 1546 605 1598 Borean
626 1543 808 1611 (laurumque,
826 1546 874 1596 aut
892 1543 965 1597 unde
983 1543 1147 1611 nigerrimus
1166 1546 1270 1598 Auster

443 1622 574 1675 Nascitur
584 1625 621 1674 ‘et
638 1620 729 1687 pluvio
748 1619 893 1673 contristat
911 1619 1013 1686 frigore
1031 1621 1143 1674 caelum.

444 1698 499 1752 Hic
516 1697 634 1761 demunn
652 1696 831 1763 hippomanes
848 1712 912 1748 vero
932 1696 1005 1764 quod
1023 1697 1131 1750 nomine
1148 1697 1244 1751 dicunt
1262 1712 1299 1750 aso

444 1772 704 1840 Pastores„lentum
723 1771 845 1825 destillat
863 1771 899 1825 ab
916 1773 1026 1840 inguine
1045 1774 1135 1838 virus3

444 1849 640 1918 Hippomanes,
659 1848 734 1916 qnod
751 1863 832 1915 saepe
850 1848 938 1901 malae
956 1849 1049 1917 legere
1068 1866 1205 1915 novercae,

443 1925 670 1993 Miscuernntque
687 1924 787 1977 herbas
805 1928 835 1978 et
852 1941 906 1977 uon
924 1925 1035 1979 innoxia
1053 1926 1142 1979 verba.

479 2000 535 2055 Sed
551 2001 624 2067 fugit
641 1999 754 2067 interea,
772 2002 843 2069 fugit
860 2001 1044 2070 inreparabile
1062 2004 1181 2071 tempus,

443 2076 557 2145 Singula
575 2076 642 2129 dum
660 2077 732 2144 eapti
751 2077 993 2149 circumvectamur
1011 2095 1114 2133 amore,
1262 2093 1299 2131 aaa

444 2154 506 2207 Hoc
524 2153 590 2206 satis
609 2153 753 2208 armentis:
773 2157 884 2222 superat
901 2170 965 2222 pars
983 2155 1069 2208 altera
1088 2171 1176 2223 curae,

444 2229 592 2297 Lanigeros
610 2229 716 2297 agitare
733 2246 830 2297 greges
847 2229 990 2299 hirtasque
1008 2232 1134 2299 capellus.

443 2305 500 2360 Hic
516 2304 608 2372 labor;
625 2305 688 2359 hinc
707 2305 814 2358 laudern
833 2305 919 2358 fortes
937 2309 1046 2374 sperate
1064 2307 1157 2361 coloni.

443 2382 503 2437 Nee
521 2398 581 2435 sum
599 2382 683 2435 animi
701 2380 808 2447 dubius,
826 2381 918 2435 verbis
936 2399 969 2435 ea
987 2383 1094 2437 vincere
1111 2400 1240 2452 magnum

444 2457 533 2523 Quam
545 2458 589 2524 sit,
603 2461 632 2510 et
651 2458 773 2525 angustis
785 2458 857 2510 hunc
868 2458 973 2512 addere
985 2459 1067 2512 rebus
1078 2460 1224 2525 honorem;
1262 2472 1299 2512 aoo

443 2534 501 2589 Sed
518 2550 562 2587 me
581 2533 694 2587 Parnasi
713 2533 823 2588 deserta
840 2534 994 2602 perardua
1012 2534 1099 2589 dulcis

445 2609 549 2679 Raptat
567 2626 657 2675 amor;
675 2611 750 2664 iuvat
768 2611 808 2664 ire
825 2610 903 2679 iugis,
921 2628 975 2680 qua
992 2611 1066 2666 nulla
1082 2612 1202 2681 priorum

445 2685 593 2741 Castaliam
610 2685 685 2738 molli
704 2686 855 2740 devertitur
874 2687 964 2742 orbita
981 2688 1055 2743 olivo.

1336 2247 1351 2276 Ο

455 2823 457 2827 ,
480 2763 567 2829 Nunc,
586 2762 741 2815 veneranda
761 2762 848 2830 Pales,
865 2779 964 2831 magno
981 2781 1052 2818 nunc
1070 2781 1117 2818 ore
1139 2765 1297 2821 sonandum.
1343 2781 1346 2791 ·

445 2838 583 2908 Incipiens
601 2837 716 2892 stabulis
734 2837 810 2891 edioo
828 2838 856 2890 in
875 2839 1000 2892 mollibus
1017 2839 1131 2893 herbam
1262 2854 1299 2893 aas

446 2917 571 2985 Carpere
583 2915 647 2982 oris,
667 2914 734 2968 dum
752 2931 816 2968 mox
833 2915 961 2969 frondosa
978 2915 1120 2969 reducitur
1137 2920 1234 2983 aestas,

446 2993 483 3046 llt
500 2992 588 3045 multa
606 2990 702 3044 duram
721 2991 822 3059 stipula
840 2991 996 3060 filicumque
1013 2992 1139 3060 maniplis

446 3069 575 3123 Sternere
593 3067 689 3121 subter
707 3068 827 3136 humum,
845 3069 947 3136 glacies
964 3085 999 3122 ne
1017 3068 1117 3136 frigida
1134 3070 1226 3122 laedat

446 3145 530 3198 Molle
547 3161 638 3213 pectis,
658 3143 833 3214 scabiemque
851 3144 923 3198 ferat
941 3146 1086 3214 turpisque
1103 3145 1246 3213 podagras.

446 3220 514 3275 Post
532 3221 595 3275 hino
614 3221 754 3289 digressus
771 3221 852 3275 iubeo
871 3221 1026 3275 frondentia
1043 3223 1131 3290 capris
1263 3234 1300 3275 sou

447 3297 558 3351 hrbuta
576 3298 699 3351 sufficere
718 3300 747 3351 et
765 3297 861 3352 fluvios
879 3299 1013 3368 praebere
1030 3298 1154 3364 recentis,

447 3374 483 3428 Et
502 3374 610 3427 stabula
628 3392 645 3427 a
663 3373 753 3427 ventis
771 3374 886 3429 hiberno
904 3392 1042 3445 opponere
1061 3374 1110 3427 soli

449 3450 495 3503 Ad
512 3450 633 3503 medium
651 3467 782 3504 conversa
800 3450 881 3520 diem,
898 3470 963 3509 cum
978 3453 1102 3523 lrigidus
1119 3451 1190 3504 ol'un

440 3528 500 3577 Iam
520 3526 595 3580 cadit
611 3533 795 3599 extremoque
815 3531 924 3591 inrorat
948 3532 1100 3606 Aquarius
1117 3541 1207 3582 anuo.

430 3600 511 3651 Hm
527 3618 640 3670 ‘Imque
658 3622 714 3659 non
736 3625 809 3666 cura
826 3614 914 3671 nobis
929 3616 1051 3671 leviore
1067 3606 1198 3666 tuenda.

414 3671 478 3721 Nec
494 3674 589 3794 regnor
606 3696 676 3736 usus
696 3684 765 3756 erit,
787 3697 932 3763 quamvis
951 3690 1085 3750 Milesia
1100 3694 1223 3751 mmm

1323 3593 1373 3635 W
