3467 4367
680 628 758 675 AEN
760 628 865 677 EIDOS
882 628 954 679 LIB.
973 628 1011 677 II.
1195 640 1199 649 ⁴
1232 628 1276 678 117

420 709 496 762 Talia
513 707 656 776 iacebam,
674 711 703 761 et
720 706 821 762 furiata
838 712 931 763 mente
948 708 1077 778 ferebar,]
1099 768 1101 772 ⁷

420 786 489 840 oum
508 785 574 838 mihi
592 795 628 849 se,
646 801 700 838 nen
717 788 781 838 ante
799 785 883 839 oculis
901 788 959 839 tam
977 786 1057 854 clara,
1075 785 1222 840 videndam

419 862 530 916 Obtulit
547 866 576 915 et
594 878 663 930 pura
680 878 731 931 por
748 866 857 916 noctem
875 862 904 915 in
922 862 983 916 luce
1001 864 1109 917 refulsit
1242 876 1278 915 sno

420 939 503 992 Alma
520 956 626 1008 parens,
644 938 766 991 confessa
783 938 872 1006 deam,
890 939 1033 1008 qualisque
1051 939 1137 994 vider'

419 1015 562 1069 caelicolis
580 1020 609 1069 et
627 1018 731 1083 quanta
748 1014 826 1082 solet,
845 1014 1000 1084 dextraque
1019 958 1183 1085 preherdum

419 1091 568 1158 Continuit,
587 1107 720 1159 roseoque
738 1090 806 1143 haec
823 1091 934 1160 insuper
952 1092 1061 1146 addidit
1078 1109 1138 1149 ore:

419 1167 508 1235 Nate,
518 1170 580 1236 quis
597 1167 744 1220 indomitas
762 1170 857 1220 tantus
876 1168 954 1221 dolor
965 1170 1074 1223 >excitat
1092 1171 1163 1224 irasi

418 1244 493 1309 Quid
510 1244 595 1299 fiirisi
613 1247 661 1297 aut
679 1260 796 1312 quonam
814 1244 902 1297 nostri
920 1245 972 1299 tibi
989 1262 1054 1300 eura
1071 1246 1201 1301 recessim
1240 1261 1277 1303 oss

418 1322 482 1374 Non
499 1322 576 1390 prius
593 1320 714 1388 aspicies,
732 1319 778 1373 ubi
796 1319 899 1373 fessum
917 1325 1009 1375 aetate
1026 1325 1171 1391 parentem

419 1397 545 1465 Liqueris
565 1397 722 1451 Anchiseni
741 1399 852 1465 superet
870 1398 1023 1451 coniunxne
1042 1398 1152 1467 Creusa,

419 1474 608 1542 Ascaniusque
628 1475 711 1542 pueri
730 1490 799 1541 quos
817 1474 906 1527 omnis
923 1475 1046 1543 undique
1065 1475 1164 1529 Graiae
1164 1517 1210 1556 s

419 1549 623 1604 circumerrant
640 1550 719 1615 acies,
738 1554 774 1617 et,
792 1549 820 1602 ni
840 1567 901 1605 mea
919 1567 984 1604 cura
1001 1551 1120 1624 resi-stat,
1192 1575 1195 1584 ·

419 1626 480 1679 Iani
498 1626 623 1680 flammae
642 1626 755 1680 tulerint
773 1627 898 1681 inimicus
916 1632 945 1681 ot
962 1628 1085 1682 hauserit
1103 1625 1194 1683 ensis.'
1239 1640 1276 1680 ooo

418 1703 481 1755 Non
498 1702 549 1756 tibi
568 1702 730 1771 Tyndaridis
747 1703 830 1757 facies
848 1704 935 1757 invisa
953 1704 1093 1758 Lacaenae
1114 1701 1133 1733 Γ

419 1778 586 1847 Culpatusve
605 1779 694 1851 Paris,
708 1778 798 1832 divom
818 1780 999 1846 inclementia,
1018 1780 1116 1847 divom,

418 1855 479 1909 Has
496 1855 597 1909 evertit
614 1872 680 1923 epos
698 1856 852 1924 sternitque
870 1873 887 1910 a
904 1856 1024 1910 cuimine
1038 1858 1151 1912 Troiam.

418 1932 673 2001 Aspice-namque
691 1948 806 2000 emnem,
825 1949 897 2000 quaa
914 1949 986 1986 nunc
1004 1932 1122 1988 obducta
1139 1934 1229 1989 tuenti

418 2006 544 2063 Mortalis
562 2008 676 2062 hebetat
692 2007 767 2062 visus
784 2008 841 2062 tibi·
854 2012 883 2062 et
901 2008 1014 2062 humida
1031 2009 1132 2063 cineum
1237 2026 1273 2065 eoa

418 2084 532 2153 caligat,
550 2083 650 2138 nubem
668 2083 797 2153 eripian13
815 2088 847 2138 tu
864 2102 899 2138 ne
917 2102 971 2154 qua
988 2086 1110 2153 parentis

419 2154 498 2216 Iussa
515 2162 590 2229 time,
608 2178 663 2215 neu
680 2161 835 2230 praeceptis
852 2178 950 2229 parere
968 2178 1095 2215 reeusa-
1150 2185 1189 2196 --

417 2237 480 2305 Hic,
498 2238 546 2291 ubi
563 2237 693 2291 disiectas
711 2238 796 2291 moles
814 2238 961 2305 avolsaque
979 2237 1068 2302 saxis,

417 2314 489 2369 Saxa
505 2315 583 2369 sides
600 2314 741 2381 mixtoque
759 2313 909 2367 undantem
926 2314 1039 2381 pulvere
1057 2315 1168 2383 fumum,

417 2391 563 2461 Neptunus
580 2406 673 2443 muros
690 2405 843 2459 magnoque
861 2393 954 2443 emota
971 2389 1083 2446 tridenti
1236 2408 1273 2446 oro

417 2467 608 2521 Fundamenta
626 2466 716 2535 quatit
734 2470 876 2536 totamque
893 2482 910 2518 a
928 2465 1038 2521 sedibus
1054 2467 1151 2523 urbem

416 2544 503 2599 Emit
541 2545 595 2600 ilie
615 2544 685 2597 Iuno
703 2544 802 2598 Scaeas
820 2543 977 2598 saevissima
994 2548 1088 2613 portas

418 2620 511 2675 Prima
527 2624 612 2687 tenet,
631 2620 788 2688 sociumque
805 2619 899 2673 firrens
916 2637 933 2674 a
950 2620 1065 2675 navibus
1083 2639 1180 2691 agmen

416 2696 503 2751 Ferro
520 2697 641 2751 accincta
658 2700 745 2751 voest.

416 2773 478 2826 Iam
495 2790 614 2826 summas
631 2789 707 2826 arces
726 2772 855 2839 Tritonia,
873 2773 984 2841 respice,
1005 2773 1094 2829 Pallas
1236 2789 1272 2827 sis

416 2849 531 2917 Insedit,
550 2850 643 2903 nimbo
661 2848 792 2917 effulgens
810 2852 839 2903 et
857 2849 984 2916 Gorgone
1002 2866 1089 2904 saeva

416 2925 482 2994 Ipse
501 2927 584 2992 Pater
602 2926 705 2979 Danais
722 2925 827 2979 animos
844 2924 1114 2992 diisque-secundas

416 3001 529 3071 Sufficit,
546 3004 605 3072 ipse
622 3002 689 3055 deos
706 3002 735 3055 in
753 3001 882 3055 Dardana
900 3002 1015 3055 suscitat
1032 3018 1114 3058 arma

415 3078 507 3148 Eripe,
525 3083 597 3146 nato,
615 3078 716 3147 fugam,
733 3078 872 3146 finemque
890 3077 988 3147 inpone
1006 3078 1098 3133 labori.

415 3155 559 3223 Nusquam
577 3154 667 3224 abero,
685 3158 715 3209 et
732 3157 823 3209 tutum
840 3154 930 3222 patrio
948 3156 977 3208 te
994 3154 1087 3209 limine
1104 3154 1206 3209 sistam.
1238 3169 1273 3208 sao

416 3230 538 3299 Dixerat,
557 3236 586 3286 et
604 3232 698 3301 spissis
715 3231 803 3285 noctis
821 3247 851 3285 sc
869 3230 992 3285 condidit
1010 3231 1120 3286 umbris.

416 3306 563 3375 Adparent
580 3307 657 3362 dirae
673 3308 757 3363 facies
774 3307 938 3375 inimicaque
957 3306 1052 3362 Troiae

415 3381 443 3434 N
493 3382 498 3394 '
520 3398 653 3452 amagna
670 3384 760 3439 deum,
1254 3443 1258 3449 ,

450 3457 519 3515 'ium
537 3475 602 3513 vero
620 3476 699 3515 omne
716 3431 788 3515 mffl
801 3458 892 3514 visum
908 3458 1056 3515 eonsidere
1069 3460 1106 3513 'in
1116 3460 1200 3525 igdxs

410 3532 493 3586 Ilium
512 3537 541 3587 ct
557 3552 593 3588 en
609 3536 667 3590 irno
684 3538 757 3595 serti
776 3538 927 3611 Neptunia
943 3538 1054 3604 'ireia3
1276 3535 1322 3571 ³⁹¹³

397 3608 445 3659 Ac
462 3608 549 3661 veluti
566 3614 686 3669 summis
704 3618 863 3690 antiquam
880 3617 915 3674 in
931 3614 1093 3672 mentions
1111 3618 1228 3663 ornum

388 3677 459 3742 Cum
476 3682 556 3737 ferro
573 3690 699 3750 woicam
720 3696 908 3769 crebrisque
920 3690 1121 3766 bipennibus
1136 3674 1265 3737 instant
