3467 4367
464 642 510 685 330
692 639 723 689 P.
740 636 892 684 VERGILI
918 635 1050 683 MARON
1052 636 1084 683 IS

462 717 571 784 Ingruit
591 719 700 769 Aeneas
720 716 798 768 Italis
817 717 846 768 et
863 714 968 783 proelia
986 714 1090 781 miscet,

461 793 497 845 Et
516 809 565 843 nos
584 808 663 844 saeva
682 808 769 847 manu¹
781 792 925 843 mittamus
943 791 1039 843 funera
1057 790 1176 846 Teucris.

460 867 487 919 N
488 884 519 920 ec
531 883 643 920 numero
656 865 774 933 inferior,
786 883 894 934 pugnae
907 882 956 917 nec
968 866 1070 918 honore
1082 866 1203 920 recedes.
1281 882 1317 922 sao

460 944 566 996 Turnus
586 942 621 993 ad
639 940 723 995 haee:

461 1019 484 1072 Ο
503 1036 585 1086 soror,
604 1023 633 1072 et
652 1017 757 1070 dudum
775 1016 900 1083 adgnovi,
919 1032 980 1068 cum
997 1017 1085 1088 prima
1107 1033 1157 1085 per
1174 1022 1264 1072 artem

460 1094 584 1148 Foedera
601 1094 720 1147 turbasti
740 1096 824 1159 teque
841 1090 910 1144 haec
927 1092 955 1143 iu
973 1091 1046 1144 bella
1065 1092 1173 1159 dedisti,

461 1170 497 1225 Et
514 1189 585 1225 nunc
602 1171 768 1239 nequiquam
787 1167 858 1220 fallis
877 1165 936 1221 dea
970 1167 1024 1221 Sed
1044 1170 1105 1236 quis
1124 1169 1240 1239 Olympo

460 1247 613 1302 Demissam
632 1251 725 1301 tantos
744 1245 829 1299 voluit
847 1248 877 1298 te
894 1243 966 1296 ferre
984 1243 1110 1298 labores?
1280 1263 1315 1301 urs

461 1327 507 1377 An
524 1326 618 1378 fratris
637 1326 728 1379 miseri
746 1323 831 1376 letum
849 1324 882 1374 ut
900 1320 1009 1373 crudele
1028 1320 1153 1375 videresi

461 1402 531 1454 Nam
546 1403 613 1471 quid
626 1405 694 1470 agot
709 1404 757 1454 aut
770 1416 840 1468 quae
852 1400 908 1452 iam
921 1398 1037 1467 spondet
1050 1396 1171 1451 Fortuna
1182 1399 1315 1452 salutent

461 1477 527 1530 Vidi
546 1479 636 1531 oculos
656 1481 721 1531 ante
740 1478 799 1546 ipse
818 1492 892 1529 meos
910 1492 954 1527 me
971 1492 1036 1528 voce
1055 1478 1196 1528 vocantem

461 1553 629 1622 Murranum,
649 1571 702 1624 quo
721 1571 774 1607 nou
793 1548 905 1621 superat
923 1550 989 1603 mihi
1009 1552 1096 1604 carior
1114 1551 1192 1617 alter,

461 1628 600 1697 Oppetere
619 1630 759 1699 ingentem
778 1634 860 1698 atque
879 1626 984 1695 ingenti
1004 1627 1112 1680 volnere
1130 1626 1240 1680 rictum.
1279 1642 1315 1679 rso

461 1703 569 1757 Occidit
586 1706 687 1773 infelix,
707 1724 740 1758 ne
758 1709 881 1758 nostrum
900 1703 1019 1756 dedecus
1038 1702 1124 1755 Ufens

463 1779 609 1846 Aspiceret
619 1801 625 1843 ;
645 1780 740 1834 Teucri
758 1780 902 1849 potiuntur
920 1796 1033 1847 corpore
1051 1782 1079 1831 et
1097 1777 1187 1833 anuis.

462 1853 625 1908 Exscindine
644 1855 745 1920 domos,
764 1855 794 1907 id
811 1855 894 1908 rebus
913 1853 1001 1907 defuit
1019 1871 1109 1922 unum,

462 1930 624 1997 Perpetiart
643 1930 742 1985 dextra
759 1948 810 1985 nee
828 1930 944 1984 Drancis
963 1929 1037 1983 diota
1054 1930 1193 1984 refellamt

461 2004 550 2073 Terga
559 2005 637 2074 dabo,
647 2010 677 2061 et
686 2008 807 2061 Turnum
815 2008 966 2075 fugientem
975 2006 1042 2059 haee
1050 2009 1126 2060 terra
1134 2006 1258 2062 videbitl
1279 2022 1315 2061 ers

462 2080 557 2149 Usque
576 2082 680 2137 adeone
698 2083 767 2137 mori
785 2083 914 2136 miserum
936 2084 996 2136 esti
1014 2083 1071 2135 Vos
1089 2098 1106 2135 o
1128 2081 1195 2143 mihi
1219 2082 1314 2136 Manes

463 2155 528 2210 Este
546 2156 617 2223 boni,
637 2160 764 2228 quoniam
783 2157 894 2227 Superis
912 2174 1006 2215 aversa
1023 2157 1157 2213 voluntas

462 2230 561 2285 Sancta
579 2232 614 2285 ad
632 2251 680 2287 vos
698 2235 794 2302 anima,
812 2236 896 2301 atque
914 2234 993 2287 istius
1009 2233 1094 2287 inscia
1111 2234 1207 2303 culpae

462 2304 640 2376 Descendam,
653 2326 813 2377 magnorum
825 2309 900 2362 haud
911 2326 1041 2378 umquam
1052 2308 1182 2376 indignus
1194 2326 1314 2365 avorum.

497 2382 552 2435 Vix
564 2400 597 2437 ee
609 2384 683 2439 fatus
698 2388 772 2439 erat:
785 2384 890 2439 medios
903 2386 984 2454 volat,
997 2401 1066 2454 eece,
1078 2402 1129 2454 per
1140 2386 1227 2441 hostis
1279 2402 1315 2440 un

463 2457 566 2512 Vectus
585 2475 655 2528 equo
673 2464 817 2529 spumante
836 2461 925 2530 Saces,
943 2461 1057 2515 adversa
1075 2462 1175 2529 sagitte

462 2533 574 2587 Saucius
592 2552 646 2604 ora,
665 2536 775 2605 ruitque
793 2536 931 2604 inplorans
948 2537 1056 2590 nomine
1074 2537 1211 2592 Turnum:

462 2610 558 2679 Turne,
576 2610 604 2663 in
622 2615 651 2665 te
669 2628 796 2680 suprema
813 2612 900 2678 salum
918 2612 1049 2667 miserere
1066 2615 1183 2668 tuorum.

464 2688 600 2742 Fulminat
619 2691 727 2742 Aeneas
745 2690 835 2756 armis,
854 2705 1028 2758 summasque
1045 2688 1165 2743 minatur

464 2764 638 2818 Deiecturum
656 2781 732 2818 arces
752 2765 852 2819 Italum
871 2764 1046 2833 exscidioque
1065 2765 1209 2831 daturum
1279 2782 1314 2821 eet

463 2840 577 2909 Iamque
594 2840 667 2894 faces
686 2841 722 2893 ad
739 2844 815 2894 tecta
832 2840 931 2894 volant.
968 2839 1002 2893 In
1020 2844 1050 2895 te
1068 2857 1115 2895 era
1133 2840 1231 2909 Latini,

463 2915 496 2967 In
513 2919 543 2969 te
561 2917 651 2970 oeulos
668 2917 806 2983 referunt3
823 2919 928 2970 mussat
946 2932 995 2970 rex
1013 2915 1072 2985 ipse
1091 2916 1210 2983 Latinus,

462 2991 536 3056 Quos
553 3010 668 3061 generos
686 2996 771 3058 vocet
789 2996 837 3047 aut
854 3009 926 3062 quae
945 3008 1005 3047 sese
1022 2992 1058 3045 ad
1075 2994 1187 3048 foedera
1204 2994 1305 3047 flectat.

463 3066 610 3122 Praeterea
627 3069 728 3137 regina,
747 3069 788 3122 tui
806 3068 944 3135 fidissima
963 3068 1061 3122 dextra

463 3143 571 3197 Occidit
589 3146 648 3213 ipsa
667 3162 722 3211 sua,
741 3144 886 3213 lucemque
904 3145 1039 3199 exterrita
1055 3144 1133 3213 fugit.
1276 3159 1314 3199 seo

462 3219 517 3272 Soli
534 3237 584 3288 pro
602 3220 688 3289 portis
707 3220 849 3289 Messapus
866 3224 896 3275 et
913 3237 976 3274 acer
994 3220 1095 3274 Atinas

463 3294 623 3349 Sustentant
641 3297 734 3350 aciem.
770 3296 878 3350 Circum
895 3296 945 3350 hos
961 3296 1101 3364 utrimque
1118 3294 1268 3365 phalanges

463 3370 543 3424 Stant
561 3370 668 3440 densae,
687 3372 845 3441 strictisque
863 3390 941 3441 seges
959 3373 1132 3426 mucronibus
1149 3372 1245 3426 horret

453 3446 573 3504 Ferrea:
592 3450 624 3504 tu
642 3464 756 3503 currum
775 3448 886 3503 deserto
902 3450 933 3502 iu
949 3448 1072 3516 gramine
1089 3463 1189 3501 versas.

442 3522 596 3600 Obstipuit
614 3529 696 3585 varia
714 3528 852 3585 contusus
867 3525 989 3593 imagine
1004 3539 1100 3576 rernm
1279 3536 1315 3577 aa

429 3602 555 3680 ramus,
580 3615 612 3669 et
632 3610 749 3668 obtutu
771 3607 863 3665 tacito
882 3602 983 3667 stetim
999 3599 1110 3652 mm
1122 3594 1225 3660 'mm

372 3735 376 3756 ἱ
417 3678 491 3741 Uno
508 3686 541 3744 in
564 3693 664 3751 corde
683 3690 789 3764 pudor
806 3686 968 3752 mixtoque
981 3670 1095 3731 insa-uxt-
1103 3668 1190 3719 mm
