3467 4367
485 640 534 686 '286
740 638 770 686 P.
790 638 946 688 VERGILI
966 638 1135 687 MARONIS

486 718 629 788 Messapus
648 719 827 787 Cloniumque
846 718 1066 787 Lycaoniumque
1084 719 1219 785 Ericeten‚

487 795 570 848 lllum
586 795 700 848 infrenis
717 794 780 861 equi
799 794 877 863 lapsu
895 795 994 848 tellure
1011 795 1153 860 iacentem,
1303 807 1341 875 po

487 870 569 924 Hunc
586 871 710 939 peditem
728 870 820 939 pedes.
857 870 894 923 Et
914 870 1011 938 Lycius
1029 872 1199 939 processerat
1218 870 1306 938 Agis;

486 945 574 1009 Quem
592 950 684 999 tamen
701 945 776 998 haud
793 962 892 1013 expers
915 947 1028 999 Valerus
1046 946 1157 999 virtutis
1174 946 1266 999 avitae

485 1021 602 1087 Delicit3
621 1025 650 1075 at
668 1022 817 1075 Thronium
836 1022 932 1088 Salius,
952 1022 1109 1091 Saliumque
1128 1021 1252 1088 Nealces,

485 1097 605 1165 Insignis
623 1098 711 1151 iaculo
729 1101 758 1152 et
776 1098 857 1166 longe
875 1097 988 1152 fallente
1006 1098 1114 1165 sagitta
1182 1127 1185 1132 ·

520 1174 580 1226 Iam
597 1174 690 1242 gravis
709 1173 846 1242 aequabat
863 1173 954 1227 luctus
971 1176 1000 1227 et
1018 1178 1114 1227 mutua
1131 1172 1244 1226 Mavors
1305 1185 1340 1227 755

484 1246 607 1314 Funera;
625 1249 778 1303 caedebant
795 1249 899 1318 pariter
915 1249 1073 1317 pariterque
1091 1248 1209 1302 ruebant

485 1329 611 1384 Victores
629 1331 748 1400 victique
757 1352 764 1396 3
781 1347 872 1400 neque
889 1330 932 1383 his
949 1330 1014 1398 fuga
1030 1334 1103 1396 nota,
1121 1346 1211 1397 nequo
1228 1329 1291 1385 illis.

484 1404 520 1458 Di
539 1406 613 1459 Iovis
630 1407 658 1459 in
676 1407 759 1460 tectis
775 1406 846 1459 iram
863 1406 1030 1459 miserantur
1047 1406 1154 1459 inanem

484 1481 644 1549 Amborum,
663 1487 693 1536 et
710 1486 802 1536 tantos
820 1480 981 1536 mortalibus
998 1498 1058 1535 esse
1075 1480 1198 1547 labores;

484 1557 558 1611 Hinc
575 1558 678 1623 Venus,
696 1558 759 1611 hinc
775 1561 871 1612 contra
888 1560 995 1625 spectat
1013 1558 1141 1611 Saturnia
1160 1557 1237 1613 luno.
1302 1574 1339 1615 tou

485 1632 592 1686 Pallida
610 1633 756 1701 Tisiphone
773 1634 865 1687 media
883 1633 956 1687 inter
972 1633 1049 1686 milia
1067 1632 1161 1687 saevit.

485 1708 527 1761 At
544 1725 608 1761 vero
626 1710 765 1776 ingentem
786 1709 915 1777 quatiens
934 1709 1088 1762 Mezentius
1105 1709 1213 1764 hastam

484 1782 621 1837 Turbidus
639 1784 796 1852 ingreditur
813 1801 914 1853 campo.
952 1785 1040 1849 Quam
1057 1801 1172 1852 magnus
1191 1786 1284 1855 Orion,

484 1859 656 1928 Compedes
673 1860 777 1913 incedit
794 1860 879 1914 medii
898 1876 948 1928 per
965 1857 1094 1913 maxuma
1111 1861 1196 1915 Nerei

484 1935 587 2004 Stagna
603 1936 675 1989 riam
693 1936 826 2003 scindens,
844 1936 958 1990 humero
975 1938 1160 2005 supereminet
1177 1939 1275 2006 undas,
1300 1954 1338 1997 ros

485 2013 552 2080 Aut,
571 2012 683 2065 summis
700 2013 822 2066 referens
839 2027 968 2065 annosam
986 2012 1124 2066 montibus
1141 2030 1248 2084 ornum,

486 2089 699 2157 Ingrediturque
717 2088 774 2141 solo
791 2091 821 2142 et
838 2092 921 2155 caput
938 2088 1010 2141 inter
1027 2088 1121 2142 nubila
1139 2089 1246 2147 condit:

484 2164 555 2216 Talis
573 2181 602 2217 sc
619 2165 703 2217 vastis
720 2165 805 2218 infert
822 2164 975 2217 Mezentius
993 2164 1083 2217 armis.

485 2240 557 2292 lluic
574 2243 669 2293 contra
687 2242 804 2306 Aeneas,
823 2239 978 2307 speculatus
996 2240 1024 2292 in
1042 2241 1151 2307 agmine
1168 2239 1257 2311 longo,

483 2314 587 2368 Obvius
604 2316 645 2369 ire
663 2318 749 2383 parat.
785 2315 881 2368 Manet
897 2315 1091 2383 inperterritus
1108 2316 1162 2383 illc,
1298 2333 1336 2376 wo

484 2390 601 2445 Hostem
617 2392 818 2458 magnanimum
835 2391 988 2459 opperiens,
1006 2395 1036 2445 et
1052 2392 1124 2445 mole
1141 2409 1192 2447 sua
1209 2396 1283 2463 stat;

483 2467 577 2534 Atque
588 2466 672 2519 oculis
684 2466 804 2533 spatium
816 2482 950 2533 emensus,
963 2470 1096 2534 quantum
1109 2469 1177 2522 satis
1189 2469 1307 2528 hastae:
1342 2518 1353 2527 .

483 2542 588 2595 Dextra
605 2540 672 2593 mihi
690 2540 758 2593 deus
776 2545 805 2595 ct
822 2540 917 2609 telum,
936 2543 1010 2611 quod
1029 2543 1131 2596 missile
1149 2543 1228 2612 libro,

482 2619 562 2670 Nunc
579 2616 684 2670 adsint!
705 2617 798 2670 Voveo
816 2617 963 2685 praedonis
980 2634 1094 2685 corpore
1112 2620 1199 2688 raptis

483 2694 613 2747 indutum
631 2692 724 2761 spoliis
742 2691 831 2760 ipsum
850 2696 888 2760 te,
907 2692 1004 2760 Lause,
1022 2699 1167 2761 tropaeum
1296 2710 1334 2753 ars

482 2771 602 2823 Aeneae.
638 2768 724 2836 Dixit,
741 2767 959 2837 stridentemque
976 2769 1082 2823 eminus
1099 2769 1205 2824 hastam

407 2864 411 2869 ·
481 2846 569 2910 Iecit;
585 2849 615 2899 at
631 2845 678 2898 illa
695 2845 787 2897 volans
804 2844 892 2912 clipeo
910 2848 953 2898 est
971 2861 1092 2911 excussa,
1110 2847 1260 2917 proculque

480 2922 628 2991 Egregium
649 2923 773 2975 Antoren
790 2922 863 2973 latus
880 2920 954 2975 inter
971 2924 1000 2975 et
1016 2921 1063 2975 ilia
1080 2921 1149 2990 figit,

481 2999 609 3052 Herculis
628 2999 753 3051 Antoren
771 2996 906 3060 comitem,
925 2996 972 3064 qui
990 2997 1089 3050 missus
1106 2996 1142 3051 ab
1161 2999 1246 3067 Argis

481 3075 617 3128 Haeserat
636 3073 771 3134 Euandro,
789 3076 873 3140 atque
892 3072 965 3126 Itala
982 3073 1143 3128 consederat
1160 3075 1237 3144 urbe,
1296 3091 1336 3133 rso

480 3151 619 3205 Stemitur
637 3150 730 3202 infelix
749 3148 837 3201 alieno
849 3148 967 3215 volnere,
986 3149 1146 3217 caelumque
1172 3208 1179 3226 ὗ
1203 3190 1206 3196 .

481 3226 595 3294 Aspicit,
608 3229 637 3277 et
655 3225 742 3278 dulcis
759 3224 878 3277 moriens
896 3224 1081 3277 reminiscitur
1100 3226 1197 3293 Argos.

479 3302 549 3355 Tum
565 3301 627 3368 pius
646 3304 755 3353 Aeneas
772 3300 879 3353 hastam
898 3300 978 3366 iacit3
996 3300 1042 3353 illa
1059 3317 1108 3368 per
1125 3300 1219 3356 orbem

480 3378 555 3432 Aere
573 3393 669 3430 cavum
686 3376 796 3445 triplici,
814 3393 865 3445 per
882 3376 954 3430 linea
970 3380 1057 3445 terga,
1076 3377 1220 3445 tribusque

477 3454 597 3508 Transiit
611 3453 750 3507 intextum
768 3453 856 3507 taurls
873 3470 948 3522 opus,
966 3454 1075 3522 imaque
1093 3454 1166 3508 sedit
1296 3470 1334 3514 ass

462 3531 587 3600 laguine
592 3554 602 3601 ,⁴
622 3533 674 3590 sed
694 3531 763 3589 viris
781 3531 860 3586 haud
877 3530 1005 3601 pertulit.
1038 3530 1123 3581 Odius
1138 3546 1232 3583 ensem

448 3610 576 3684 Aeneas,
600 3615 664 3671 viso
685 3611 834 3686 Tyrrheni
851 3609 994 3678 sanguine
1005 3605 1110 3666 laetus,
1134 3676 1141 3685 ι

432 3684 541 3759 Εῖψὶὑ
558 3710 577 3751 a
597 3696 728 3768 femine,
747 3696 782 3752 et
801 3686 975 3764 trepidanti
990 3676 1122 3736 tenuibus
1134 3674 1235 3724 instat.
1296 3749 1300 3754 .
