3467 4367
473 655 520 702 222
698 650 727 697 P.
746 647 900 697 VERGILI
917 647 1083 699 MARONIS

441 746 444 752 ’
473 732 577 784 Arvina
594 729 694 799 pingui,
712 727 899 796 subiguntque
917 728 945 781 in
962 732 1024 783 cote
1042 746 1164 796 seeures;

473 807 610 875 Signaque
627 806 700 859 ferre
717 805 800 871 iuvat,
819 804 978 873 sonitusque
995 806 1092 859 audire
1109 805 1247 862 tubarum

473 884 599 951 Quinque
616 881 688 935 adeo
703 897 818 948 magnae
835 880 932 949 positis
949 881 1092 935 incudibus
1110 881 1193 935 urbes

472 959 539 1013 'Pela
556 962 665 1025 novant,
683 957 770 1009 Atina
786 958 889 1025 potens
905 956 1045 1025 Tiburque
1062 957 1220 1026 superbum,
1291 972 1330 1010 sao

474 1035 570 1089 Ardea
588 1033 814 1103 Crustumerique
834 1036 863 1087 et
880 1035 1033 1101 turrigerae
1051 1034 1214 1087 Antemnae.

473 1110 604 1179 Tegmina
622 1113 686 1163 tuta
703 1112 801 1162 cavant
819 1110 948 1177 capitum,
965 1110 1134 1178 flectuntque
1151 1108 1270 1176 salignas

473 1187 630 1241 Umbonum
647 1186 744 1250 cratis;
762 1185 808 1238 alii
825 1185 952 1238 thoracas
969 1201 1051 1238 aenos

474 1263 534 1317 Aut
550 1264 617 1317 loris
634 1278 728 1315 ocreas
745 1261 820 1315 lento
839 1261 942 1314 ducunt
961 1264 1088 1328 argento3
1208 1307 1211 1312 .

475 1339 600 1393 vomeris
617 1337 670 1392 hue
687 1340 717 1391 et
734 1333 921 1403 falcis'honos,
938 1336 992 1389 huc
1009 1336 1095 1389 omnis
1112 1332 1198 1389 aratri
1293 1350 1330 1388 uss

474 1415 564 1469 Cessit
581 1431 672 1479 amor;
689 1416 842 1481 recoquunt
860 1412 964 1480 patrios
980 1410 1134 1465 fornacibus
1151 1425 1237 1464 enses

474 1490 593 1544 Classica
610 1490 719 1558 iamque
737 1491 850 1553 sonant;
866 1488 890 1541 it
907 1487 980 1541 bello
997 1490 1103 1541 bessem
1120 1486 1234 1553 signum.

474 1565 529 1619 Hic
546 1566 653 1633 galeam
670 1564 752 1618 tectis
770 1564 896 1632 trepidus
913 1564 999 1632 rapit;
1016 1562 1064 1616 ille
1080 1562 1222 1615 frementis

474 1641 522 1694 Ad
538 1643 602 1709 iuga
619 1640 692 1707 cogit
711 1656 810 1708 equos;
827 1639 999 1708 clipeumque
1016 1653 1137 1705 auroque
1154 1637 1272 1691 trilicem

473 1714 597 1769 Loricam
614 1716 745 1783 induitur,
763 1715 875 1782 fidoque
895 1715 1045 1782 accingitur
1063 1730 1135 1769 ense.
1291 1728 1329 1767 oro

509 1790 627 1844 Pandite
644 1806 716 1843 nunc
737 1791 876 1857 Helicona,
896 1790 972 1858 deae,
990 1793 1141 1858 cantusque
1158 1790 1274 1857 movete,

474 1865 527 1930 Qui
544 1866 616 1919 bello
633 1866 717 1919 exciti
735 1882 821 1933 reges,
841 1882 912 1934 quae
929 1864 1064 1934 quemque
1083 1868 1192 1919 secutae

474 1942 635 2010 conplerint
652 1958 761 2010 campos
779 1942 858 2009 acies,
877 1942 976 2010 quibus
995 1941 1067 1996 Itala
1084 1942 1139 1995 iam
1156 1945 1216 1995 tum

474 2017 613 2072 Floruerit
630 2021 706 2071 terra
724 2018 796 2071 alma
813 2018 886 2085 viris,
906 2017 1005 2085 quibus
1022 2018 1121 2072 arserit
1137 2018 1235 2081 armis;

474 2094 511 2148 nt
528 2094 689 2149 meministis
707 2094 787 2160 enim,
805 2094 892 2160 divae,
910 2097 939 2147 et
956 2110 1107 2148 memorare
1123 2093 1255 2162 potestis3
1292 2110 1330 2147 css

475 2169 523 2223 Ad
540 2188 590 2224 nos
606 2170 652 2223 vix
669 2170 759 2224 tenuis
776 2170 866 2223 famae
884 2168 1036 2237 perlabitur
1053 2185 1126 2223 aura.

510 2246 617 2299 Primus
636 2247 687 2300 init
704 2246 808 2300 bellum
827 2244 973 2314 Tyrrhenis
991 2260 1071 2311 asper
1088 2243 1123 2297 ab
1140 2244 1194 2297 oris

475 2322 654 2390 Contemptor
671 2322 762 2375 divom
780 2321 934 2376 Mezentius
951 2321 1114 2388 agminaque
1131 2321 1228 2374 armet.

475 2397 560 2450 Fihus
577 2398 640 2451 huie
657 2397 734 2450 iuxta
753 2397 866 2463 Lausus,
886 2412 941 2465 quo
958 2396 1096 2464 pulchrior
1111 2395 1183 2450 alter

474 2472 537 2525 Non
555 2473 615 2538 fuit,
634 2476 748 2539 excepto
767 2472 912 2525 Laurentis
930 2488 1044 2540 corpore
1063 2471 1153 2525 Turni.
1296 2488 1333 2525 eso

476 2548 588 2615 Lausus,
607 2563 708 2615 equum
726 2546 845 2600 domitor
863 2546 1073 2615 debellatorque
1090 2548 1217 2615 ferarum,

476 2622 558 2676 Ducit
578 2622 705 2691 Agyllina
722 2622 888 2690 nequiquam
906 2638 940 2675 ex
957 2623 1026 2677 urbe
1044 2627 1152 2677 secutos

475 2698 552 2752 Mille
569 2698 648 2764 viros,
666 2698 772 2765 dignus,
790 2698 889 2766 patriis
907 2698 955 2767 qui
972 2699 1071 2753 laetior
1088 2703 1161 2754 esset

476 2774 601 2844 Inperiis‚
619 2778 648 2829 et
665 2775 708 2830 cui
725 2778 806 2843 pater
823 2774 896 2828 haud
915 2774 1068 2829 Mezentius
1085 2778 1165 2829 esset.

376 2845 381 2852 ¹
510 2853 578 2905 Post
595 2852 643 2904 hos
661 2851 794 2919 insignem
811 2850 902 2919 palma
919 2868 969 2919 per
986 2851 1111 2918 gramina
1127 2866 1237 2903 currum
1293 2867 1331 2906 ess

476 2928 656 2995 Victoresque
675 2931 798 2981 ostentat
815 2944 901 2995 equos
919 2930 995 2980 satus
1014 2927 1134 2981 Hercule
1151 2925 1265 2994 pulchro

477 3004 594 3058 Pulcher
613 3004 774 3070 Aventinus,
792 3003 933 3071 clipeoque
951 3002 1057 3071 insigne
1074 3006 1218 3071 paternum

476 3080 593 3133 Centum
609 3081 705 3148 anguis
722 3080 894 3147 cinctamque
910 3079 983 3147 gerit
999 3079 1173 3147 serpentibus
1189 3076 1330 3145 Hydram;

476 3156 558 3209 Collis
577 3156 708 3210 Aventini
726 3156 793 3209 silva
811 3172 894 3223 quem
913 3156 991 3209 Rhea
1009 3155 1136 3209 sacerdos

476 3230 620 3285 Furtivum
637 3235 719 3299 partu
736 3231 786 3284 sub
804 3230 915 3284 lmninis
934 3232 1022 3286 edidit
1039 3247 1108 3298 oras,
1292 3244 1330 3283 eoo

476 3306 566 3360 Mixta
583 3307 636 3360 deo
654 3308 758 3374 mulier,
776 3309 923 3375 postquam
941 3305 1090 3361 Laurentia
1106 3305 1194 3360 vietor

476 3383 600 3451 Geryone
618 3384 752 3437 exstincto
770 3383 926 3449 Tirynthius
944 3383 1038 3450 attigit
1055 3397 1128 3448 arva,

472 3458 667 3529 Tyrrhenoque
685 3458 768 3513 boves
786 3459 814 3513 iu
832 3458 943 3511 flumine
961 3457 1029 3512 lavit
1048 3458 1175 3511 Hiberas.

455 3534 519 3589 Pria
537 3553 625 3593 manu
643 3554 803 3609 saevosque
820 3538 926 3608 gerunt
941 3533 975 3588 in
985 3533 1064 3588 bella
1078 3533 1200 3594 dolones,

438 3606 482 3666 Et
502 3615 597 3672 tereti
615 3622 753 3691 pugnant
773 3631 916 3674 mucrone
933 3624 1064 3679 veruque
1076 3603 1201 3685 sabellis.
1315 3614 1354 3649 m

424 3683 502 3754 '¹²⁸⁰
517 3695 629 3771 Ρθάθθ,
649 3702 806 3774 tegumen
823 3703 977 3766 torquens
992 3687 1110 3742 inmane
1121 3678 1228 3733 leonis,
1342 3715 1346 3720 ,
