3467 4367
473 629 523 678 2⁵2
703 624 731 673 P.
754 624 907 673 VERGILI
930 623 1097 673 MARONIS
1123 634 1126 638 '

473 708 555 763 Stant
572 705 660 774 longis
677 705 771 759 adnixi
787 705 875 759 hastis
892 708 922 759 et
938 708 1017 760 scuta
1034 708 1161 759 tenentes

474 784 633 837 Castrorum
651 785 680 836 et
697 781 786 850 campi
802 781 902 836 medio.
937 781 1006 835 Tum
1025 774 1109 835 Nion
1127 785 1228 836 etune
1287 794 1328 834 rao

474 860 607 927 Euryalus
625 858 768 911 confestim
786 857 891 911 alacres
909 857 1052 912 admittier
1070 860 1165 923 orant;

475 936 545 988 Rem
563 951 696 1002 magnam,
715 935 890 1003 pretiumque
908 951 1000 988 morae
1017 935 1084 989 fore.
1120 933 1228 986 Primus
1246 932 1329 986 Iulus

475 1012 592 1079 Accepit
610 1010 741 1078 trepidos,
759 1027 791 1063 ac
809 1010 908 1064 Nisum
926 1010 1019 1065 dicere
1036 1010 1123 1065 iussit.

474 1088 544 1140 'lum
561 1087 600 1140 sic
619 1085 797 1155 Hyrtacides:
816 1086 923 1140 Audite
941 1102 957 1139 o
974 1086 1113 1141 mentibus
1130 1087 1231 1155 aequis,

475 1162 631 1230 Aeneadae,
650 1179 718 1216 neve
735 1161 803 1217 haee
820 1163 922 1216 nostris
940 1167 1098 1231 spectentur
1115 1163 1151 1216 ab
1168 1163 1252 1231 annis,
1290 1176 1330 1216 aas

475 1239 551 1303 Quae
568 1239 688 1293 ferimus.
725 1239 821 1293 Rutuli
840 1255 935 1292 somno
953 1239 1072 1309 vinoque
1090 1240 1173 1293 soluti

475 1316 651 1380 Conticuere;
674 1316 764 1368 locum
781 1316 888 1369 insidiis
905 1317 1097 1383 conspeximus
1114 1316 1174 1385 ipsi,

475 1390 528 1455 Qui
545 1394 623 1459 patet
641 1389 670 1443 in
687 1390 761 1445 bivio
779 1394 883 1460 portae,
901 1407 972 1459 quae
988 1408 1122 1460 proxuma
1138 1393 1237 1461 ponto;

476 1466 630 1537 interrupti
648 1468 734 1535 ignes,
752 1470 868 1535 aterque
885 1467 921 1521 ad
939 1467 1031 1521 sidera
1048 1468 1139 1522 fumus

476 1544 613 1611 Erigitur3
638 1543 661 1597 si
678 1544 789 1598 fortuna
805 1542 969 1611 permittitis
986 1543 1035 1610 uti,
1114 1608 1116 1613 ,
1291 1556 1331 1596 ato

476 1618 637 1682 Quaesitum
656 1621 771 1673 Aenean
790 1623 819 1673 et
836 1617 944 1672 moenia
962 1619 1116 1674 Pallantea:

475 1694 542 1747 Mox
560 1696 603 1748 hic
621 1711 684 1749 cum
702 1695 802 1763 spoliis,
820 1694 925 1761 ingenti
943 1695 1028 1748 caede
1045 1697 1164 1763 peracta,

476 1770 582 1825 Adlore
600 1771 728 1825 cernetis.
766 1771 825 1824 Nec
842 1787 893 1824 nos
910 1771 954 1824 tia
971 1770 1041 1825 fallit
1059 1723 1275 1851 euntiss

475 1846 602 1901 Vidimus
620 1847 743 1901 obscmis
760 1848 876 1915 primam
895 1847 946 1900 sub
964 1847 1080 1901 vallibus
1096 1847 1192 1901 urbem

475 1922 585 1978 Venatu
603 1924 719 1977 adsiduo
736 1926 766 1976 et
783 1926 874 1976 totum
890 1922 1065 1990 cognovimus
1082 1940 1195 1977 amnem
1292 1941 1331 1980 aas

478 1998 532 2054 Hie
548 2000 626 2055 annis
642 2000 733 2068 gravis
749 2002 835 2067 atque
852 1999 935 2051 animi
953 2002 1077 2052 maturus
1096 1999 1204 2054 Aletes:

477 2075 513 2128 Di
531 2077 620 2145 patrii,
639 2092 754 2144 quorum
771 2091 881 2142 semper
898 2073 949 2127 sub
965 2075 1077 2129 numine
1095 2075 1175 2128 Troia
1192 2079 1243 2144 est,

477 2150 540 2205 Non
556 2156 650 2207 tamen
667 2152 775 2205 omnino
794 2150 912 2204 Teucros
930 2149 1023 2205 delere
1040 2152 1152 2220 paratis,

478 2227 547 2281 Cum
564 2229 626 2282 talis
644 2228 748 2281 animos
766 2228 895 2281 iuvenum
913 2229 1017 2280 ettam
1035 2230 1112 2281 certa
1129 2228 1232 2283 tulistis

478 2304 598 2358 Pectora.
616 2335 651 2343 -
670 2304 714 2358 Sic
743 2311 916 2363 memorans
932 2303 1059 2357 humeros
1089 2304 1257 2373 dextrasque
1287 2311 1330 2361 te-

546 2380 630 2433 nebat
1258 2419 1262 2429 .
1292 2398 1331 2436 aso

478 2454 638 2522 Amborum‚
657 2459 686 2509 et
703 2455 806 2508 voltum
825 2454 944 2508 lacrimis
961 2458 1046 2524 atque
1063 2472 1111 2509 ora
1128 2456 1280 2523 rigabat.—

479 2529 554 2593 Quae
572 2529 656 2596 vobis,
675 2546 745 2597 quae
763 2529 853 2597 digna,
872 2529 930 2595 viri,
948 2547 998 2598 pro
1016 2531 1143 2585 laudibus
1161 2533 1222 2586 istis

478 2604 603 2658 Praemia
619 2621 699 2673 posse
716 2622 779 2657 rear
796 2605 882 2659 solvil
906 2606 1088 2674 pulcherrima
1105 2608 1223 2677 primum

480 2680 513 2733 Di
530 2697 674 2750 moresque
692 2679 797 2733 dabunt
815 2680 916 2746 vestri;
939 2684 999 2735 tum
1017 2686 1109 2737 cetera
1126 2683 1228 2737 reddet

480 2759 612 2812 Actutum
630 2758 692 2827 pius
710 2758 820 2809 Aeneas
838 2760 923 2825 atque
941 2756 1050 2826 integer
1067 2759 1127 2813 aevi
1291 2776 1329 2815 ass

480 2834 620 2904 Ascanius,
638 2833 730 2888 meriti
748 2832 819 2887 tanti
837 2849 891 2885 non
909 2833 1042 2888 inmemor
1059 2851 1195 2905 umquam.

435 2968 442 2982 ,
479 2911 566 2965 Immo
584 2927 707 2980 egonus,
725 2909 768 2964 cui
786 2908 844 2963 sola
861 2910 936 2963 salus
956 2911 1082 2978 genitore
1100 2913 1222 2981 reducto,

477 2986 587 3055 Excipit
607 2987 747 3053 Ascanius,
764 3001 815 3053 per
832 3001 952 3054 magnos,
972 2987 997 3040 N
1000 2988 1047 3053 ise,
1067 2988 1178 3042 Penatis

478 3064 661 3131 Assaracique
681 3064 779 3116 Larem
797 3063 827 3115 et
844 3077 927 3115 canae
945 3063 1097 3131 penetralia
1116 3065 1220 3119 Vestae

477 3137 623 3204 Obtestor;
647 3153 835 3206 quaecumque
852 3138 920 3192 mihi
936 3139 1046 3192 fortuna
1063 3139 1188 3210 fidesque
1205 3150 1255 3209 est,
1292 3158 1330 3197 mo

477 3212 512 3267 In
530 3216 628 3268 vestris
645 3232 717 3283 pono
735 3214 860 3282 grennm:
885 3219 1011 3269 revocate
1029 3221 1177 3284 parentem

477 3288 599 3344 Reddite
616 3295 806 3360 conspectum3
830 3290 898 3344 nihil
916 3291 962 3344 illo
980 3293 1060 3349 triste
1078 3298 1195 3362 recepto.

477 3365 547 3419 Bina
565 3367 636 3420 dabo
654 3371 769 3435 argento
786 3367 910 3434 perfectu
927 3371 1011 3437 atquo
1029 3386 1127 3437 aspera
1143 3371 1228 3439 signis

470 3441 583 3512 Pocula,
604 3444 713 3499 devicta
730 3443 840 3512 genitor
857 3459 928 3511 quae
946 3446 1020 3513 cepit
1040 3444 1149 3512 Arisba,

455 3518 501 3575 Et
519 3522 652 3595 tripodas
671 3523 809 3595 geminos,
828 3519 891 3575 auri
909 3520 965 3575 duo
980 3537 1083 3588 magna
1095 3522 1211 3586 talenta„
1290 3538 1327 3576 aas

445 3595 578 3659 Cratera
595 3604 767 3678 antiquum,
785 3617 878 3675 quem
896 3598 950 3653 dat
965 3596 1086 3652 Sidoniis
1096 3594 1185 3644 iiius.

428 3670 470 3729 δι’
490 3696 566 3738 vero
585 3703 700 3761 capere
724 3683 855 3744 Italiam
872 3677 1059 3748 sceptrinum
1073 3666 1163 3735 wilfi
