3467 4367
468 643 514 689 los
710 638 740 687 P.
759 636 914 685 VERGILI
930 634 1098 683 MABONIS

467 719 601 775 Constitit
619 722 704 787 atque
721 716 807 772 cerdis
825 715 946 785 Phrygia
962 715 1073 785 agmina
1090 716 1305 788 circumspexit:

467 797 540 865 Heu,
554 813 624 864 quae
635 812 707 849 nunc
720 794 810 861 tellus,
822 793 920 862 inquit,
934 809 1005 862 quae
1016 809 1062 847 me
1071 809 1195 862 aequora
1202 800 1320 864 possunt

468 874 621 942 Accipere?
641 875 690 925 aut
702 871 770 940 quid
782 871 837 923 iam
849 870 951 925 misero
963 869 1031 923 mihi
1043 869 1166 939 denique
1178 875 1280 941 restat,
1307 888 1331 931 ro

468 951 519 1006 Cui
537 966 627 1017 neque
646 948 721 1016 apud
739 948 849 1001 Danaos
866 963 983 1015 usquam
1003 946 1087 1014 locus,
1101 950 1131 1000 et
1149 964 1235 1017 super
1253 949 1306 1020 ipsi

468 1026 644 1080 Dardanidae
660 1025 758 1077 infensi
777 1040 878 1093 poenas
896 1040 959 1077 cum
978 1022 1115 1091 sanguine
1132 1029 1273 1093 possuntt
1325 1032 1327 1036 ’

468 1104 527 1168 Quo
545 1102 651 1170 gemitu
668 1100 791 1155 conversi
809 1100 900 1168 animi,
918 1116 1096 1169 compressus
1114 1103 1144 1155 et
1162 1103 1255 1157 omnis

469 1180 599 1247 Impetus.
638 1178 790 1230 Hortamur
807 1176 859 1229 fari
869 1197 876 1242 ;
897 1193 951 1246 quo
970 1176 1105 1244 sanguine
1123 1180 1226 1246 cretus,

469 1256 576 1320 Quidve
593 1256 674 1323 forat,
693 1256 835 1319 memoret
854 1269 925 1322 quae
944 1253 981 1306 sit
999 1252 1100 1305 fiducia
1116 1256 1206 1321 capto.
1310 1272 1334 1313 ra

467 1331 532 1401 [llle
550 1332 624 1399 haec,
643 1330 769 1398 deposita
787 1329 901 1383 tandem
918 1328 1074 1397 formidine,
1091 1328 1193 1399 faturz]

503 1408 608 1461 Ormcta
617 1406 746 1475 equidem
755 1405 814 1471 tibi,
826 1404 897 1474 Rex,
910 1405 997 1459 fuerit
1006 1405 1208 1475 quodcumque,
1220 1409 1332 1463 fatebor

469 1484 551 1551 Vera,
569 1484 675 1553 inquit3
693 1499 783 1552 neque
801 1498 846 1535 me
866 1482 997 1550 Argolica
1016 1483 1052 1537 de
1069 1485 1153 1551 gente
1170 1483 1283 1552 negabo
1289 1505 1297 1552 ;

470 1560 530 1614 Hoc
548 1561 681 1628 primum;
702 1575 760 1626 nec,
779 1559 802 1612 si
820 1558 951 1611 miserum
970 1559 1092 1613 Fortuna
1110 1558 1242 1614 Sinonem

469 1636 571 1704 Finxit,
590 1652 689 1689 vanum
709 1635 792 1690 etiam
811 1634 1029 1704 mendacemque
1046 1634 1163 1704 inproba
1180 1635 1278 1705 finget.
1307 1653 1333 1691 so

469 1712 564 1765 Fando
582 1711 694 1780 aliquod
712 1712 734 1763 si
752 1712 824 1765 forte
842 1715 906 1765 tuas
924 1712 1053 1781 pervenit
1070 1712 1107 1765 ad
1125 1711 1199 1766 auris

469 1788 583 1842 Belidae
601 1804 700 1841 nomen
720 1787 876 1841 Palamedis
896 1791 926 1843 ei
942 1788 1048 1842 incluta
1065 1789 1138 1841 fama

469 1865 569 1932 Gloria,
588 1881 668 1932 quem
685 1864 754 1917 falsa
772 1863 823 1916 sub
841 1864 1000 1933 proditione
1019 1863 1128 1932 Pelasgi

470 1941 611 1994 Insontem
629 1940 740 1994 infando
758 1939 867 2008 indicio,
887 1940 951 2009 quia
969 1940 1042 1994 bella
1059 1941 1180 2011 vetabat,

469 2016 610 2071 Demisere
627 2017 694 2085 neci,
712 2034 782 2071 nunc
800 2033 907 2071 cassum
926 2016 1028 2071 lumine
1046 2016 1155 2085 lugent:
1309 2039 1335 2081 aa

470 2094 514 2147 Illi
533 2111 577 2148 me
594 2093 722 2147 comitem
741 2097 770 2147 et
788 2092 1028 2161 consanguinitate
1044 2093 1233 2163 propinquum

469 2169 579 2240 Pauper
597 2170 624 2223 in
641 2187 718 2223 arma
735 2173 816 2240 pater
834 2170 931 2238 primis
948 2169 1002 2223 huc
1019 2170 1094 2223 misit
1111 2169 1147 2223 ab
1164 2172 1253 2228 annis

469 2246 542 2300 Dum
560 2247 653 2301 stabat
671 2264 755 2315 regno
773 2246 916 2300 incolumis
935 2262 1086 2315 regumque
1104 2246 1217 2314 vigebat

470 2323 601 2393 Consiliis,
620 2327 649 2377 ct
667 2340 716 2376 nos
734 2322 846 2391 aliquod
864 2339 1021 2390 nomenque
1039 2323 1179 2391 decusque

469 2400 615 2454 Gessimus.
655 2400 763 2453 Invidia
780 2402 927 2468 postquam
945 2398 1056 2468 pellacis
1072 2398 1184 2452 Ulixi—
1309 2416 1336 2456 ao

470 2475 555 2529 Haud
571 2476 666 2543 ignota
682 2475 922 2544 loquor—superis
939 2475 1074 2529 concessit
1090 2474 1126 2528 ab
1143 2473 1200 2529 oris

470 2552 608 2605 Adflictas
625 2553 708 2607 vitam
727 2552 754 2604 in
773 2551 897 2605 tenebris
915 2552 1046 2621 luctuque
1063 2550 1215 2619 trahebam,

469 2628 506 2681 Et
524 2644 617 2681 casum
634 2627 750 2680 insontis
768 2644 875 2681 mecum
893 2627 1057 2696 indignabar
1074 2627 1159 2682 amici

470 2703 530 2758 Nec
547 2704 620 2757 tacui
639 2704 759 2771 demens,
779 2707 809 2757 et
825 2720 878 2773 me,
896 2704 953 2757 fors
972 2704 994 2757 si
1013 2720 1068 2772 qua
1085 2699 1212 2774 tulisset,'

470 2780 499 2848 Si
516 2781 619 2848 patrios
637 2796 768 2849 umquam
787 2796 952 2835 remeassem
972 2781 1059 2834 victor
1076 2779 1113 2833 ad
1132 2781 1234 2848 Argos,
1298 2797 1335 2842 ’ω

471 2857 586 2911 Promisi
603 2856 729 2924 ultorem,
748 2861 778 2911 et
795 2856 887 2911 verbis
906 2856 970 2910 odia
988 2873 1086 2924 aspera
1102 2856 1182 2909 mcvi.

470 2933 544 2987 Hinc
562 2933 629 2986 mihi
645 2932 734 3001 prima
752 2932 816 2987 mali
835 2932 920 3001 labes,
938 2932 1001 2986 hinc
1020 2948 1128 3002 semper
1145 2932 1245 2988 Ulixes

470 3009 634 3064 Criminibus
652 3013 758 3065 terrere
775 3008 859 3076 novis,
877 3007 941 3062 hinc
959 3024 1089 3078 spargere
1106 3024 1186 3063 voces

471 3087 505 3140 In
523 3087 631 3155 volgum
649 3088 797 3155 ambiguas,
816 3089 845 3139 et
864 3102 998 3154 quaerere
1016 3084 1138 3139 conscius
1156 3100 1243 3140 arma.

470 3162 529 3216 Nec
546 3164 682 3231 requievit
700 3164 779 3231 euim,
799 3162 887 3216 donec
906 3161 1055 3216 Calchante
1073 3160 1236 3215 ministro-
1297 3182 1334 3220 roo

470 3240 526 3294 Sed
538 3240 606 3309 quid
618 3258 669 3309 ego
681 3241 749 3295 haec
762 3243 855 3294 autem
867 3240 1033 3308 nequiquam
1045 3240 1154 3307 ingrata
1165 3240 1297 3298 revolvol

471 3317 577 3381 Quidve
594 3334 692 3385 moror,
710 3317 733 3371 si
751 3316 840 3370 omnis
857 3333 911 3370 uno
930 3315 1027 3371 ordine
1045 3315 1153 3371 habetis
1171 3316 1303 3388 Achivos,

471 3391 562 3461 quue
580 3393 676 3447 audire
694 3397 737 3446 sat
754 3394 815 3446 esti
853 3392 1020 3446 Iamdudum
1039 3394 1139 3448 sumite
1156 3410 1277 3463 poenas3

462 3467 530 3521 Hoc
545 3469 662 3523 Ithacus
681 3469 753 3537 velit,
772 3470 803 3522 et
820 3483 920 3537 magno
938 3473 1097 3523 mercentur
1118 3469 1242 3526 Atridae.

485 3540 557 3596 llrm
577 3560 646 3599 rero
662 3545 803 3601 ardemus
822 3545 921 3601 scitari
939 3547 972 3600 et
990 3560 1129 3613 quaerere
1146 3558 1269 3610 caussas,
1302 3559 1346 3598 irs

426 3611 538 3680 1811217‘
552 3620 701 3679 scelerum
724 3628 882 3681 tantorum
902 3623 1036 3690 artisque
1052 3617 1205 3681 Pele-esm-
1248 3643 1251 3648 ·

408 3683 622 3763 Prosequitur
636 3705 797 3774 pavitans,
819 3702 948 3761 eruco
968 3700 1097 3769 uectore
1111 3692 1211 3745 latur:
