3467 4367
415 630 418 633 ·
463 610 511 660 286
700 611 734 660 P.
747 610 901 660 VERGILI
918 612 1084 665 MARONIS

464 690 524 743 Iam
541 692 601 745 tum
618 690 714 759 religio
732 689 846 759 pavidos
863 693 988 747 terrebat
1005 693 1121 762 agrestis

462 765 531 819 Dira
547 767 613 834 loci;
631 768 685 820 iam
703 770 763 821 tum
781 768 876 821 silvam
894 786 1044 839 saxumque
1062 771 1225 828 tremebant.
1276 785 1314 828 ³⁵⁰

462 842 524 896 Hoc
541 860 643 911 nemus,
661 844 739 911 huuc,
757 845 854 913 inquit,
872 846 1000 899 frondoso
1019 850 1121 902 vertice
1138 848 1242 917 collem,

462 918 529 984 eris
543 918 611 974 deus
624 921 759 974 incertum
774 924 825 988 est,
839 921 947 975 habitat
964 923 1046 989 deus;
1064 924 1190 978 Arcades
1204 924 1295 993 ipsum

461 995 584 1050 Credunt
601 1013 633 1050 se
649 996 751 1050 vidisse
768 997 870 1065 Iovem,
889 1014 951 1051 cum
969 1016 1051 1068 saepe
1068 1000 1223 1068 nigrantem

461 1071 569 1140 Aegida
586 1076 744 1128 concuteret
762 1073 869 1142 dextra,
887 1074 1050 1144 nimbosque
1066 1077 1158 1130 cieret.

460 1147 538 1202 Haec
555 1148 610 1202 duo
626 1153 771 1218 praeterea
788 1149 909 1204 disiectis
927 1151 1027 1220 oppida
1043 1153 1135 1219 muris,
1274 1166 1313 1207 eto

459 1223 599 1294 Reliquias
616 1228 794 1294 veterumque
812 1226 891 1280 vides
908 1231 1085 1281 monumenta
1101 1229 1228 1284 virorum

458 1300 537 1355 Hanc
556 1302 639 1356 Ianus
656 1305 742 1371 pater,
759 1302 829 1356 hanc
847 1303 980 1357 Saturnus
999 1303 1122 1359 condidit
1139 1320 1244 1372 arcem3

458 1377 608 1432 Ianiculum
625 1378 696 1442 huic,
714 1378 754 1430 illi
771 1378 861 1432 fuerat
880 1379 1009 1433 Saturnia
1025 1397 1131 1433 nomen.

457 1453 566 1509 'I'alibus
582 1455 656 1509 inter
672 1472 702 1509 se
719 1454 801 1508 dictis
818 1454 854 1507 ad
871 1458 946 1508 tecta
964 1455 1093 1509 subibant

457 1528 588 1597 Pauperis
605 1531 735 1596 Eumndri,
754 1532 910 1600 passimque
930 1535 1054 1585 armenta
1071 1531 1202 1586 videbant
1271 1546 1309 1587 eto

456 1606 633 1675 Romanoque
649 1607 709 1660 foro
727 1618 758 1661 et
774 1608 856 1660 lautis
874 1609 979 1676 mugire
999 1607 1110 1662 Carinis.

454 1682 495 1737 Ut
512 1687 623 1737 ventum
641 1682 678 1734 ad
695 1683 788 1736 sedes:
812 1683 898 1751 Haec,
915 1683 1011 1752 inquit,
1030 1684 1122 1737 limina
1137 1683 1224 1737 victor

455 1758 568 1812 Alcides
585 1758 675 1825 subiit,
694 1757 856 1811 baccillum
874 1760 949 1827 regia
967 1760 1046 1828 cepit.
1179 1792 1184 1802 ·
1282 1814 1285 1820 ,

455 1834 544 1903 Ande,
561 1834 668 1904 hospes,
685 1838 860 1889 contemnere
879 1852 951 1905 opes,
969 1838 999 1889 et
1016 1838 1046 1889 te
1064 1850 1174 1904 quoque
1192 1832 1307 1903 dignum

454 1910 540 1979 Finge
558 1910 618 1979 dec,
635 1911 772 1978 rebusque
789 1911 851 1963 veni
869 1928 922 1964 non
941 1928 1021 1979 asper
1038 1910 1139 1979 egenis
1268 1925 1308 1965 coo

453 1986 538 2055 Dixit,
556 1990 586 2041 et
601 1987 712 2055 angusti
729 1985 825 2040 subter·
841 1986 951 2055 fastigia
968 1988 1036 2041 tecti

454 2063 599 2131 Ingentem
617 2063 730 2117 Aenean
748 2062 835 2128 duxit,
854 2064 1004 2138 strag'sque
1021 2062 1119 2117 locavit
1198 2075 1203 2083 ·

452 2139 585 2193 Effultum
601 2139 673 2194 foliis
690 2143 720 2195 et
735 2140 807 2209 pelle
826 2139 975 2208 Libystidis
992 2155 1080 2193 ursae

487 2216 549 2271 Nox
567 2217 630 2285 ruit,
648 2219 677 2271 et
694 2216 777 2270 luscis
792 2217 919 2269 tellurem
937 2215 1114 2284 amplectitur
1130 2213 1188 2269 alis.

453 2293 493 2346 At
506 2292 600 2347 Venus
611 2292 686 2346 haud
697 2293 788 2346 animo
800 2292 965 2361 nequiquam
978 2291 1112 2345 exterrita
1122 2293 1220 2360 mater,
1267 2304 1305 2348 tte

451 2366 673 2437 Laurentumque
690 2368 771 2422 minis
789 2371 818 2423 et
836 2368 905 2420 duro
923 2372 997 2422 mota
1014 2367 1135 2421 tumultu

451 2442 601 2497 Volcanum
618 2444 783 2512 adloquitur,
800 2445 975 2514 thalamoque
993 2444 1060 2497 haec
1077 2442 1200 2511 coniugis
1217 2458 1303 2498 aureo

450 2518 559 2588 Incipit,
576 2523 606 2574 et
624 2519 704 2573 dictis
722 2519 843 2573 divinum
861 2521 985 2589 adspirat
1003 2535 1139 2573 amorem:

449 2594 522 2649 Dum
539 2595 611 2649 bello
630 2596 752 2663 Argolici
770 2596 916 2651 vastabant
935 2597 1069 2663 Pergama
1085 2609 1166 2663 reges

449 2671 551 2726 Debita
569 2689 732 2741 casurasque
749 2672 865 2725 inimicis
882 2672 990 2739 ignibus
1008 2688 1090 2739 arces,
1255 2683 1303 2727 ‘ete

448 2747 510 2803 Non
528 2748 613 2802 ullum
631 2749 761 2803 auxilium
779 2748 892 2815 miseris,
910 2765 963 2801 non
981 2764 1057 2800 arma
1073 2745 1168 2816 rogavi

449 2826 528 2879 Artis
545 2825 659 2894 opisque
676 2829 755 2891 tuae;
774 2841 825 2879 nec
842 2827 879 2891 te,
898 2823 1036 2877 carissimo
1053 2823 1179 2889 coniunx,

448 2902 621 2956 Incassumve
639 2905 701 2956 tuos
718 2902 790 2955 volui
808 2916 937 2954 exercere
954 2898 1069 2966 labores,

448 2978 576 3042 Quamvis
594 2981 624 3032 et
643 2978 744 3031 Priami
762 2977 893 3031 deberem
911 2975 1028 3045 plurima
1045 2974 1123 3041 natis,

394 3123 396 3127 ,
448 3054 485 3108 Dt
502 3055 601 3108 durum
620 3057 731 3109 Aeneae
748 3054 883 3107 flevissem
901 3069 983 3121 saepe
1000 3050 1129 3104 laborem.
1260 3063 1299 3103 ceo

447 3130 526 3184 Nunc
545 3131 617 3184 Iovis
635 3132 746 3199 inperiis
765 3130 929 3183 Rutulorum
947 3126 1069 3183 constitit
1086 3125 1154 3180 oris:

446 3206 519 3274 Ergo
536 3207 633 3261 eadem
651 3207 765 3274 supplex
783 3207 868 3274 venio,
886 3208 916 3259 et
934 3207 1058 3259 sanctum
1075 3200 1144 3257 mihi'
1159 3215 1260 3253 numen

447 3283 535 3336 Arma
552 3298 625 3350 rogo,
643 3282 770 3350 genetrix
788 3284 859 3335 nato.
896 3281 935 3335 'Ie
953 3280 1009 3334 filia
1026 3279 1119 3347 Nerei,

446 3356 485 3411 'Ie
502 3359 592 3427 potuit
609 3357 727 3410 lacrimis
745 3357 870 3411 Tithonia
888 3356 998 3410 flectere
1017 3355 1138 3409 coniunx

436 3435 547 3501 Aspr'ce,
567 3433 616 3505 qui
634 3437 732 3489 coeant
748 3433 849 3503 populi,
868 3449 939 3502 quae
957 3431 1063 3485 moenia
1080 3429 1177 3485 clausis
1257 3444 1294 3486 cat

423 3508 547 3566 Ferrum
568 3516 675 3570 acuant
693 3512 785 3587 portis
801 3512 832 3567 in
848 3527 895 3565 me
913 3507 1115 3575 exscidiumque
1128 3521 1259 3561 meorum.

409 3582 545 3660 Dixerat,
568 3597 602 3650 et
620 3594 715 3652 niveis
735 3593 803 3650 hine
824 3594 916 3663 atque
930 3586 1000 3641 hinc
1017 3579 1209 3637 duale-certia

398 3659 604 3729 Cunctantem
626 3674 776 3748 anrplexu
793 3671 879 3730 melli
895 3668 986 3725 toret.
1021 3660 1080 3714 Ille
1094 3656 1214 3721 repente
