3467 4367
412 632 459 679 308
643 631 673 680 P.
692 628 849 679 VERGILI
868 627 1038 678 morus

411 708 522 765 Mecum
538 710 622 765 crede
638 710 702 777 solo,
719 725 884 779 pugnaeque
900 710 1012 778 accinge
1027 708 1168 777 pedestris

413 785 472 839 lans
490 803 592 854 nosces,
610 790 724 840 ventosa
740 786 812 840 ferat
829 787 873 839 cui
891 786 978 855 gloria
995 786 1111 841 laudem.

412 860 504 926 Dixit;
521 867 551 916 at
568 863 615 916 illa
632 863 726 916 furens
742 863 853 931 acrique
871 879 984 917 accensa
1001 861 1095 917 dolore

411 938 508 993 Tradit
519 955 621 1008 equum
631 939 731 1004 comiti,
743 939 911 1008 paribusque
927 938 1034 992 resistit
1043 938 1073 991 iu
1084 937 1174 1007 armis,
1229 952 1268 999 uo

410 1013 485 1068 Ense
502 1015 587 1083 pedes
604 1015 685 1082 nude,
702 1031 826 1084 puraque
843 1014 971 1069 interrita
987 1030 1089 1083 parma

411 1090 454 1143 At
470 1090 582 1158 invenis,
600 1091 698 1145 vicisse
715 1091 778 1146 dolo
795 1094 881 1159 ratus,
899 1090 990 1145 avolat
1005 1091 1073 1159 ipse,

411 1165 497 1220 Haud
514 1182 598 1232 mora,
616 1169 810 1237 conversisque
827 1168 913 1236 fuges
930 1167 1055 1222 aufertur
1070 1164 1195 1235 habenis,

411 1239 678 1312 Quadrupedemque
695 1245 781 1299 eitum
798 1244 902 1298 ferrata
917 1243 992 1298 eulee
1009 1242 1115 1311 fatigat

411 1317 491 1372 Vane
509 1318 600 1387 Ligus,
619 1320 775 1389 frustraque
792 1320 890 1373 animis
907 1319 979 1374 elate
997 1318 1131 1388 superbis,
1226 1330 1265 1374 sis

410 1393 437 1447 N
439 1395 591 1464 equiquam·
603 1398 708 1465 patrias
724 1396 869 1465 temptasti
887 1395 1008 1450 lubricus
1025 1394 1102 1462 artis,

410 1470 437 1523 N
439 1486 471 1525 ec
487 1470 563 1526 fraus
580 1476 610 1527 te
627 1472 790 1527 ineolumem
808 1471 898 1525 fallaci
915 1470 1039 1541 perferet
1056 1470 1148 1526 Anno.

411 1546 489 1602 Haec
505 1548 581 1601 fatur
597 1547 682 1617 virgo,
697 1552 728 1603 et
743 1548 901 1617 pernicibus
918 1547 999 1615 ignea
1015 1546 1117 1616 plantis

411 1622 520 1678 Transit
538 1641 639 1692 equum
657 1640 745 1691 eursu,
762 1624 903 1693 frenisque
920 1622 1036 1678 adversa
1052 1620 1196 1690 prehensis

411 1697 596 1765 Congreditur
606 1716 761 1768 poenasque
773 1700 883 1753 inimico
894 1716 929 1753 ex
941 1698 1072 1767 sangnine
1082 1697 1179 1753 sumit:
1226 1711 1265 1754 ss)

411 1772 499 1837 Quam
517 1773 595 1827 facile
612 1775 743 1842 aecipiter
760 1791 825 1828 saxo
843 1792 920 1829 saeer
938 1776 995 1830 ales
1010 1774 1047 1829 ab
1063 1774 1120 1829 alto

411 1847 595 1917 Consequitur
612 1851 710 1918 pennis
727 1850 871 1904 sublimem
888 1851 917 1904 in
935 1850 1008 1905 nube
1024 1849 1186 1917 columbam,

411 1924 653 1994 Conpressamque
669 1929 754 1992 tenet
772 1925 946 1996 pedibusque
963 1926 1097 1980 eviscerat
1112 1926 1208 1991 uncis;

411 1999 481 2054 Tum
498 2017 579 2055 cruor
595 2006 626 2055 et
642 2002 734 2056 volsas
752 2001 884 2057 labuntur
900 2002 936 2056 ab
953 2000 1066 2056 aethere
1082 2001 1200 2071 plumae.
1238 2001 1244 2012 '

446 2076 488 2129 At
499 2093 553 2130 non
564 2077 631 2132 haee
642 2078 723 2132 nullis
734 2078 874 2133 hominum
886 2081 961 2133 sator
971 2082 1057 2147 atque
1068 2078 1184 2131 deorum
1225 2089 1265 2134 m

411 2150 567 2206 Observans
585 2154 671 2208 oculis
688 2170 794 2208 summo
812 2154 893 2208 sedet
910 2154 983 2208 altus
1001 2153 1124 2223 Olympo.

411 2227 581 2297 Tyrrhenum
599 2231 708 2298 genitor
725 2229 894 2284 Tarchonem
911 2230 940 2283 in
957 2229 1061 2298 proelia
1077 2243 1160 2284 saeua

411 2304 539 2371 Suscitat,
557 2309 587 2360 et
605 2307 723 2360 stimulis
739 2306 813 2360 baud
831 2306 958 2359 mollibus
973 2305 1062 2360 iniicit
1078 2304 1142 2360 iras.

411 2379 485 2449 Ergo
501 2381 575 2435 inter
592 2382 691 2436 caedes
708 2383 891 2450 cedentiaque
909 2381 1019 2450 agmina
1035 2379 1159 2435 Tarchon

412 2455 515 2511 Fertur
532 2474 612 2526 equo,
630 2460 766 2527 variisque
783 2458 897 2526 instigat
913 2457 1024 2512 vocibus
1039 2456 1105 2524 elas,
1225 2469 1266 2512 m

411 2532 529 2586 Nomine
548 2549 684 2603 quemque
702 2551 807 2600 vocans,
825 2534 971 2603 reficitque
988 2532 1017 2586 in
1033 2532 1139 2603 proelia
1156 2531 1257 2601 pulsos

412 2607 480 2672 Quis
497 2612 594 2677 metus,
612 2626 629 2663 o
647 2626 795 2679 numquam
813 2609 935 2676 dolituri,
952 2625 969 2662 o
987 2624 1097 2678 semper
1112 2608 1219 2663 inertes

412 2684 551 2753 Tyrrheni,
570 2700 641 2754 quae
658 2689 737 2740 tanta
749 2686 852 2741 animis
868 2685 976 2753 ignavia
993 2685 1089 2740 reniti

412 2761 526 2815 Femina
542 2761 661 2830 palantis
678 2762 743 2830 agit,
762 2766 847 2829 atque
865 2760 933 2815 haee
950 2760 1059 2829 agnum
1076 2759 1183 2815 vertiti

412 2837 472 2902 Quo
490 2837 601 2904 serrium,
619 2837 720 2906 quidve
739 2836 807 2891 haec
822 2837 945 2905 gerimus
962 2835 1020 2890 tela
1036 2835 1120 2890 inrita
1137 2835 1265 2891 nexerat

412 2915 455 2966 At
471 2929 525 2966 non
542 2913 571 2965 in
590 2913 727 2967 Venerem
746 2928 845 2981 segnes
862 2916 1050 2981 nocturnaque
1065 2910 1146 2978 bella
1226 2925 1265 2967 soe

413 2989 480 3054 Aut,
498 2989 546 3042 ubi
564 3005 646 3043 curva
662 2989 759 3043 choros
776 2988 878 3042 indixit
895 2987 964 3042 tibia
981 2987 1107 3055 Baoelri·

412 3063 580 3133 Exspectare
597 3064 682 3134 dapes
700 3068 729 3118 et
746 3064 842 3133 plenae
859 3063 957 3133 pocula
973 3078 1125 3130 mensae,-

412 3140 468 3194 Hic
479 3156 562 3206 amor,
574 3140 625 3195 hoe
642 3138 865 3195 studium—dum
883 3155 960 3194 sacra
975 3139 1111 3193 secundus
1126 3136 1264 3206 hunspex

411 3214 537 3281 Nuntiet,
556 3232 587 3270 ac
604 3216 679 3270 lueos
695 3218 775 3270 vooet
792 3216 882 3269 hostia
899 3214 1007 3284 pinguis
1023 3214 1053 3268 in
1068 3213 1147 3268 altos
1226 3227 1265 3268 rs)

412 3290 491 3345 Haec
508 3291 606 3345 effatus
622 3308 724 3360 equum
742 3292 770 3345 in
788 3290 900 3358 medios,
918 3290 1068 3345 moriturus
1085 3292 1115 3346 et
1131 3287 1200 3358 ipse,

412 3367 545 3432 Concitet,
563 3371 593 3421 et
611 3367 719 3422 Venulo
743 3368 888 3421 adversum
907 3383 937 3421 se
955 3364 1085 3422 turbidus
1102 3365 1194 3432 iniert,

403 3441 618 3514 Demptumque
634 3442 671 3498 ab
688 3458 760 3515 equo
777 3442 877 3497 dextra
893 3441 1076 3511 conplectitur
1091 3441 1200 3496 hostem

390 3518 434 3575 Et
445 3521 594 3590 gremium
612 3526 683 3581 anto
701 3538 785 3579 suum
802 3519 895 3575 multa
908 3517 939 3571 ui
953 3518 1078 3572 concitus
1090 3515 1189 3569 auiam

380 3595 511 3657 Tollitur
527 3602 559 3659 in
581 3604 696 3663 melum
717 3601 839 3669 elamor,
856 3594 1010 3663 cunctique
1021 3588 1122 3642 hatum
1242 3600 1286 3639 us

367 3670 563 3742 Convertere
583 3685 697 3744 oeulos.
740 3680 840 3739 Volat
856 3676 964 3748 igneus
979 3676 1107 3732 mm
1117 3657 1259 3719 mm*
