3467 4367
686 624 868 674 AENEIDOS
886 623 956 675 LIB.
975 624 1039 674 VII.
1240 624 1287 676 207

439 708 535 777 Atque
550 706 596 761 hic
614 707 723 760 Aeneas
740 706 879 773 ingentem
897 721 932 758 ex
949 722 1068 775 aequore
1085 706 1175 760 lucum

439 783 581 852 Prospicit.
618 784 700 835 Hunc
717 782 790 835 inter
807 781 888 833 fluvio
907 781 1048 835 Tiberinus
1067 798 1187 849 amoeno,
1263 795 1289 836 eo

439 858 595 913 Vertieibus
612 858 722 927 rapidis,
740 861 769 911 et
786 857 874 910 multa
891 856 976 911 flavus
994 874 1083 925 arena,

440 935 473 990 ln
490 952 566 989 mare
583 936 742 1003 prorumpit.
777 933 878 987 Variae
896 934 1051 1003 drcrnnque
1069 952 1207 1005 supraque

440 1010 582 1065 Adsuetae
600 1010 666 1078 ripis
683 1011 806 1064 volucres
824 1015 853 1063 et
871 1010 989 1063 fluminis
1007 1011 1084 1064 alveo

439 1087 564 1140 Aethera
581 1085 737 1139 mulcebant
754 1090 842 1152 cantu,
860 1086 976 1153 lucoque
995 1087 1131 1142 volabant.

434 1159 565 1216 'Flectere
583 1164 637 1215 iter
654 1162 732 1215 sociis
749 1165 896 1230 terraeque
914 1162 1059 1215 advertere
1076 1180 1171 1231 proras
1263 1181 1288 1219 ³⁵

440 1238 561 1307 inperat,
580 1242 610 1293 ot
627 1238 715 1293 laetus
733 1238 815 1292 fluvio
832 1239 955 1293 succedit
973 1255 1064 1307 opaco.

474 1316 498 1367 N
500 1333 554 1369 unc
571 1332 630 1383 age,
648 1316 695 1383 qui
712 1331 799 1383 reges,
818 1316 910 1381 Erato,
930 1331 1001 1383 quae
1019 1321 1262 1384 temporaneum,

439 1392 507 1456 Quis
527 1391 604 1445 Latio
623 1392 735 1457 antiqno
752 1390 836 1443 fuerit
854 1393 951 1455 status,
971 1389 1077 1443 advena
1094 1391 1206 1445 classem

440 1469 508 1522 (lum
526 1469 643 1536 primum
662 1466 791 1519 Ausoniis
809 1466 946 1518 exercitus
964 1465 1071 1533 adpulit
1089 1468 1149 1534 oris,

439 1544 599 1612 Expediam,
618 1545 647 1595 et
665 1542 769 1609 primae
786 1541 919 1594 revocabo
937 1541 1049 1595 exordia
1067 1559 1183 1610 pugnae.
1264 1560 1288 1598 eo

439 1622 480 1675 'Pu
498 1623 596 1685 vatem,
614 1622 653 1682 tu,
671 1618 741 1684 diva,
759 1633 844 1670 mone.
883 1616 978 1670 Dicam
996 1618 1109 1671 horrida
1125 1618 1204 1688 bella,

439 1696 535 1750 Dicam
553 1694 633 1762 acies,
650 1696 780 1759 actosque
796 1693 893 1746 animis
910 1694 939 1746 in
956 1694 1053 1747 funera
1071 1711 1155 1763 roges,

439 1772 658 1840 Tyrrhenamque
676 1784 793 1835 manum,
811 1772 954 1839 totamque
973 1770 1023 1823 sub
1042 1787 1118 1825 arma
1136 1774 1258 1826 coactam

440 1847 609 1915 Hesperiam.
646 1844 734 1898 Maior
752 1861 843 1899 rerum
860 1845 927 1899 mihi
945 1847 1066 1901 nascitur
1084 1847 1158 1916 ordo,

439 1924 528 1977 Maius
546 1939 613 1991 opus
630 1938 733 1975 moveo.
771 1923 831 1976 lter
848 1939 915 1976 arva
932 1922 1046 1976 Latinus
1065 1928 1094 1978 et
1112 1924 1194 1978 urbes
1263 1938 1287 1977 at

440 2000 499 2053 Iam
517 2000 605 2051 senior
623 1998 703 2065 longa
720 1997 839 2066 placidas
856 1998 885 2051 in
902 2014 969 2067 pace
987 1999 1109 2066 regebat.

441 2075 521 2127 Hunc
539 2074 633 2127 Fauno
650 2078 679 2127 ct
696 2074 814 2141 nympha
831 2074 955 2141 genitum
974 2074 1112 2127 Laurente
1130 2074 1235 2128 Marica

440 2151 596 2217 Accipimus
605 2169 611 2211 ;
629 2150 723 2201 Fauno
742 2149 822 2201 Picus
839 2144 935 2217 patens
951 2150 1029 2216 isque
1046 2153 1189 2215 parentem

440 2226 485 2290 l'e,
504 2226 628 2287 Saturne,
646 2224 746 2286 refert;
764 2226 795 2275 ta
813 2224 951 2290 sanguinis
969 2223 1081 2276 ultimus
1099 2228 1200 2281 auctor.

440 2301 524 2353 Filius
541 2299 604 2351 huic
621 2298 677 2352 fato
695 2298 784 2350 divom
803 2298 948 2367 prolesque
966 2299 1050 2352 virilis
1120 2296 1124 2301 ’
1264 2316 1288 2353 ao

441 2375 523 2429 Nulla
540 2375 599 2438 luit,
618 2374 760 2441 primaque
778 2374 868 2427 oriens
887 2378 981 2442 erepta
998 2375 1109 2429 iuventa
1126 2380 1176 2431 est.
1280 2379 1285 2388 '

441 2450 503 2505 Sola
520 2451 631 2504 domum
648 2451 678 2502 ct
695 2452 787 2503 tantas
805 2449 933 2503 servabat
950 2451 1005 2504 filia
1023 2451 1108 2517 sedes,

441 2527 501 2580 lam
518 2530 626 2580 matura
643 2525 708 2591 viro,
726 2526 781 2580 iam
798 2526 887 2595 plenis
904 2526 1004 2581 nubilis
1022 2527 1105 2581 annis

441 2603 523 2657 Multi
541 2603 615 2655 illam
631 2618 730 2669 magno
747 2618 763 2655 e
781 2602 860 2656 Latio
878 2605 993 2672 totaque
1010 2604 1144 2671 petebant

441 2683 576 2744 Ausonia;
593 2680 664 2745 petit
682 2681 746 2732 ante
763 2678 830 2732 alios
847 2678 1046 2747 pulcherrimus
1063 2681 1150 2735 omnis
1264 2697 1289 2735 ns

441 2756 553 2823 Turnus,
571 2754 628 2808 avis
646 2754 787 2822 atavisque
804 2759 910 2823 potens,
929 2772 1010 2823 quem
1028 2756 1104 2824 regia
1121 2758 1237 2810 coniunx

441 2831 563 2898 Adiungi
580 2846 711 2897 generum
729 2830 797 2883 miro
815 2830 981 2899 properabat
998 2848 1105 2897 amore;

440 2908 496 2962 Sed
513 2907 595 2960 variis
613 2907 740 2974 portenta
758 2905 840 2958 deum
857 2906 1011 2960 terroribus
1029 2907 1149 2961 obstant.

439 2984 544 3038 Laurus
562 2986 623 3037 erat
639 2981 708 3035 tecti
725 2980 817 3035 medio
833 2981 862 3034 in
881 2982 1068 3049 penetralibus
1086 2983 1158 3050 altis,

439 3061 522 3115 Sacra
539 3075 652 3126 comam,
669 3058 823 3125 multosque
841 3061 917 3110 metu
934 3062 1043 3111 servata
1059 3075 1110 3125 per
1126 3074 1218 3127 annos,
1264 3074 1290 3114 eo

440 3136 527 3197 Quam
545 3141 625 3205 pater
642 3134 788 3202 inventam,
805 3133 908 3201 primas
925 3150 986 3187 eum
1005 3134 1136 3190 conderet
1153 3152 1238 3205 arces,

440 3211 504 3280 Ipse
521 3211 664 3265 ferebatur
682 3209 793 3263 Phoebo
811 3226 932 3263 sacrasse
950 3209 1072 3277 Latinus,

440 3288 640 3356 Laurentisque
658 3286 693 3340 ab
710 3303 743 3340 ea
760 3303 860 3341 nomen
878 3287 1000 3355 posuisse
1018 3288 1127 3342 colonis.

441 3364 530 3416 Huius
547 3380 613 3432 apes
630 3380 766 3417 summum
784 3362 1044 3417 densae—mirabile
1062 3360 1195 3418 dictu-⁶

440 3438 564 3493 Stridore
581 3439 685 3506 ingenti
702 3438 838 3507 liquidum
855 3442 933 3493 trans
950 3440 1062 3494 aethera
1078 3444 1186 3508 vectas,
1266 3456 1297 3491 se

440 3514 581 3567 Obsedere
598 3514 710 3582 apicem,
729 3517 766 3583 et,
783 3514 904 3587 pedibus
920 3533 973 3587 per
989 3521 1096 3571 mutua
1108 3516 1209 3577 nerins,

430 3589 553 3642 Examen
570 3590 695 3645 subitum
714 3608 795 3649 ramo
813 3594 975 3651 frondente
989 3591 1149 3666 pependit·

421 3662 558 3719 Continuo
578 3669 668 3738 rates,
687 3669 860 3731 Externum
879 3674 1047 3741 cernimus,
1061 3664 1177 3735 iuquit„
