3467 4367
464 623 494 669 26
706 622 736 670 Ρ.
754 621 910 670 VERGILI
928 621 1092 669 MARONIS

463 700 531 770 Illic,
550 700 670 755 efficiant
686 700 766 754 laetis
783 718 819 754 ne
836 700 962 767 frugibus
980 699 1090 768 herbae,

464 777 525 842 Hic,
544 778 666 832 sterilem
684 778 799 844 exiguus
816 794 851 830 ne
870 776 980 831 deserat
998 777 1096 830 humor
1113 792 1232 831 arenam.
1292 774 1322 824 '7⁰

499 852 623 906 Alternis
640 852 715 905 idem
732 857 825 906 tonsas
843 870 949 908 cessare
967 854 1084 921 novales,

463 929 500 982 iit
518 945 630 997 segnem
647 929 753 997 patiere
771 930 826 983 situ
844 929 990 984 durescere
1008 946 1152 997 campu1n;

464 1007 524 1058 Aut
542 1004 581 1057 ibi
599 1004 669 1058 flava
686 1022 761 1058 seres
779 1008 885 1058 mutato
904 1005 995 1059 sidere
1013 1007 1094 1073 farra,

464 1080 547 1134 Unde
563 1081 639 1149 prius
657 1081 760 1134 laetum
778 1080 877 1149 siliqua
895 1085 1041 1149 quassante
1058 1081 1185 1148 legumen

464 1159 524 1211 Aut
541 1158 632 1211 tenuis
649 1158 722 1211 fetus
739 1157 824 1210 viciae
842 1158 986 1227 tristisque
1004 1158 1089 1225 lupini
1298 1173 1323 1214 vs

463 1231 612 1288 Sustuleri's
630 1233 735 1301 fragilis
752 1234 869 1287 calamos
888 1234 1038 1303 silvamque
1056 1236 1208 1288 sonantem.

463 1308 528 1362 Urit
546 1308 618 1362 enim
635 1309 683 1362 lini
700 1325 825 1377 campum
845 1326 931 1377 seges,
949 1310 1006 1363 urit
1024 1326 1133 1374 avenae,

463 1385 556 1439 Unmt
574 1384 696 1440 Lethaeo
713 1386 823 1454 perfusa
840 1402 976 1453 papavera
994 1402 1104 1439 somno:

463 1461 519 1515 Sed
537 1465 630 1515 tamen
647 1462 760 1516 alternis
777 1460 864 1515 facilis
883 1461 977 1527 lab0r;
994 1461 1071 1514 arida
1089 1464 1197 1514 tantum

464 1536 490 1590 N
491 1554 507 1590 e
525 1541 649 1591 saturare
667 1538 731 1591 fimo
748 1537 843 1605 pingui
860 1536 964 1605 pudeat
983 1537 1046 1604 sola,
1064 1554 1133 1590 neve
1298 1552 1324 1591 sc
1358 1589 1364 1595 .

463 1613 567 1667 11110100
585 1614 703 1668 cinerem
721 1613 882 1667 inmundum
901 1614 1002 1666 iactare
1020 1630 1175 1682 peragras.

463 1690 508 1744 Sic
526 1706 634 1758 queque
652 1689 764 1742 mutatis
782 1689 958 1757 requiescunt
975 1689 1076 1742 fetibus
1094 1706 1166 1748 arva.

464 1766 490 1820 N
492 1784 524 1822 ec
540 1766 614 1820 nulla
632 1766 737 1820 interea
755 1770 798 1820 est
815 1767 939 1820 inaratae
957 1766 1048 1834 gratia
1066 1770 1164 1819 terrae.

463 1842 550 1912 Saepe
570 1843 654 1896 etiam
672 1843 773 1895 sterilis
789 1841 936 1897 incendere
954 1842 1057 1911 prefuit
1074 1859 1154 1909 agros

465 1922 559 1987 Atque
576 1920 664 1973 levem
682 1919 809 1985 stipulam
827 1919 1024 1986 crepitantibus
1042 1936 1122 1972 urere
1141 1918 1273 1973 flammis:
1299 1934 1324 1972 st

464 1996 526 2049 Sive
543 1994 607 2047 inde
625 1994 745 2047 occultas
763 1994 826 2046 viris
844 1997 875 2046 et
893 1994 993 2062 pabula
1011 1999 1101 2048 terrae

465 2072 577 2140 Pinguia
594 2070 765 2137 concipiunt;
783 2070 839 2123 sive
856 2070 909 2123 illis
927 2087 1006 2124 omne
1024 2088 1074 2139 per
1091 2072 1182 2137 ignem

464 2147 631 2216 llxcnquitur
648 2146 753 2210 vitium,
771 2149 857 2215 atque
876 2147 994 2200 exsudat
1013 2147 1115 2200 inutilis
1132 2146 1247 2211 humer;

463 2223 518 2277 Seu
535 2224 621 2293 pluris
639 2223 712 2277 calor
728 2221 775 2276 ille
794 2223 851 2276 vias
870 2226 899 2276 et
916 2240 996 2277 caeca
1014 2224 1120 2276 relaxat

463 2299 644 2368 spiramenta,
662 2316 745 2352 nevas
764 2300 855 2353 veniat
874 2317 927 2368 qua
946 2317 1026 2353 sucus
1043 2301 1071 2353 in
1089 2298 1207 2362 herbas3
1299 2314 1325 2353 ao

464 2375 518 2429 Seu
536 2375 618 2428 durat
635 2376 728 2443 magis,
746 2378 776 2429 et
794 2392 877 2429 venas
895 2376 1043 2443 adstringit
1060 2375 1170 2441 hiantis,

464 2450 507 2503 Ne
524 2454 621 2503 tenues
638 2450 752 2516 pluviae,
770 2451 892 2519 rapidive
910 2453 1034 2519 petentia
1052 2450 1115 2504 00110

465 2526 569 2592 Acrior,
587 2528 636 2578 aut
654 2526 760 2579 Boreae
777 2527 947 2594 penetrabile
966 2528 1052 2593 frigus
1071 2527 1178 2579 adurat.

498 2602 616 2655 Multum
634 2600 710 2668 adeo,
728 2602 823 2654 rastris
841 2602 953 2669 glaebas
973 2603 1019 2670 qui
1037 2602 1140 2674 frangit
1157 2603 1254 2657 inertis

464 2677 656 2745 vimineasque
673 2676 759 2731 trahit
777 2678 866 2746 cratis,
884 2678 959 2731 iuvat
978 2695 1061 2744 arva3
1079 2696 1168 2747 neque
1184 2679 1261 2732 illum
1301 2692 1325 2730 as

464 2753 649 2811 Flavaileres
666 2752 722 2806 alte
740 2753 904 2820 nequiquam
923 2760 1028 2823 spectat
1047 2755 1180 2825 Olymp03

464 2829 501 2882 Iit
518 2830 573 2898 qui,
591 2830 723 2896 proscisso
742 2846 811 2898 quae
830 2831 944 2883 suscitat
964 2837 1082 2901 aequore
1100 2837 1187 2900 terga,

464 2904 569 2959 Rursus
585 2906 613 2958 in
631 2905 769 2974 obliquum
788 2923 866 2959 verso
886 2910 1041 2977 perrumpit
1060 2913 1159 2977 aratra,

463 2980 635 3049 Exercetque
652 2981 781 3050 frequens
799 2982 932 3051 tellurem,
951 2990 1033 3054 atque
1051 2987 1158 3053 inperat
1176 2986 1257 3040 arvis.

400 3115 405 3127 ,
498 3058 619 3111 Humida
637 3058 752 3111 solstitia
770 3063 853 3128 atque
871 3060 973 3115 hiemes
991 3065 1068 3115 erate
1086 3078 1202 3127 serenas,
1291 3077 1328 3116 100

465 3133 628 3201 Agricolae3
644 3133 758 3188 hiberno
776 3135 926 3191 laetissima
946 3138 1059 3206 pulvere
1078 3138 1158 3203 farra,

464 3209 565 3263 Laetus
583 3227 664 3278 ager:
683 3212 757 3264 nullo
776 3216 884 3267 tantum
904 3230 934 3267 se
953 3214 1041 3283 Mysia
1060 3214 1137 3267 cultu

464 3286 556 3339 Iactat
573 3288 677 3355 etipsa
695 3305 756 3341 suas
774 3291 907 3343 mirantur
925 3291 1047 3357 Gargara
1063 3290 1165 3343 messis.

465 3362 536 3425 Quid
554 3364 649 3430 dicam,
666 3365 738 3418 iacto
757 3366 804 3434 qui
822 3368 925 3419 semine
944 3366 1096 3420 comminus
1115 3381 1180 3417 arva

461 3437 622 3504 insequitur
640 3440 815 3510 cmnulcsque
833 3443 889 3493 ruit
908 3443 978 3502 male
996 3442 1104 3511 pinguis
1122 3456 1229 3506 arenae,
1293 3454 1330 3493 ms

444 3508 560 3564 Deinde
577 3517 648 3570 satis
667 3518 782 3572 fluvium
802 3518 913 3571 inducit
929 3518 1061 3586 rivosque
1079 3516 1234 3583 sequentis,

426 3578 476 3644 Ei
498 3602 564 3641 0'11111
586 3599 708 3649 exustus
730 3613 803 3665 ager
825 3594 1021 3649 morientibus
1038 3585 1281 3645 aestuaremus„

473 3673 492 3709 e
507 3671 675 3732 supercilio
695 3674 802 3729 clivosi
824 3672 958 3729 tramitis
976 3672 1092 3724 undam
