3467 4367
486 622 533 670 248
718 617 748 666 Ρ.
766 615 921 665 VERGILI
938 616 1109 666 morus

486 701 615 764 Classem,
634 713 705 767 quae
721 697 802 752 lateri
820 700 977 751 castrorum
995 698 1129 752 adiuncta
1143 696 1248 764 latebat,

487 775 644 844 Aggeribus
661 778 784 842 saeptam
800 773 905 827 circum
922 776 954 828 et
972 772 1129 827 fluvialibus
1144 773 1229 842 undis,
1300 803 1319 841 70

487 851 605 916 Invadit,
623 850 763 918 sociosque
780 849 909 903 incendia
925 850 1018 918 poscit
1035 850 1150 917 ovantis,

487 930 582 997 Atque
600 943 709 980 manum
725 925 793 994 pinu
809 925 938 993 flagranti
957 925 1084 979 fervidus
1101 926 1192 994 inplet

486 1004 555 1058 'an
573 1020 638 1058 sero
655 1002 829 1066 incumbunt;
847 1004 951 1069 urguet
968 1002 1130 1070 praesentia
1147 1000 1242 1067 Turni3
1363 1021 1367 1084 Ι

487 1083 583 1149 Atque
601 1079 689 1133 omnis
706 1078 812 1134 facibus
828 1076 918 1146 pubes
935 1077 1093 1145 aecingitur
1110 1078 1185 1132 atris
1362 1085 1365 1106 ¹

486 1156 633 1224 Diripuere
650 1156 737 1220 iocos3
754 1154 862 1223 piceum
879 1154 936 1207 sert
953 1153 1063 1208 numida
1079 1153 1174 1209 lnmen
1303 1164 1322 1205 n
1362 1215 1364 1222 Ι

486 1232 578 1285 'laeda
595 1236 625 1286 et
642 1230 817 1286 commixtam
835 1229 977 1283 Volcanus
994 1229 1031 1283 ad
1049 1234 1127 1284 astra
1143 1229 1266 1284 favillam.
1361 1275 1366 1286 .

522 1308 589 1372 Quis
606 1309 682 1372 deus,
701 1324 717 1361 ο
735 1307 840 1374 Musae,
855 1308 915 1360 tam
932 1321 1016 1359 saeva
1033 1306 1165 1360 incendia
1181 1305 1283 1359 Teneris

488 1384 614 1439 Avertiti
632 1388 723 1438 tantos
740 1382 848 1436 ratibus
865 1381 929 1450 quis
945 1380 1056 1449 depulit
1072 1382 1164 1451 ignis?

488 1459 584 1513 llicite.
620 1459 714 1512 Prisca
730 1458 801 1511 fides
818 1458 899 1524 lacto,
917 1456 969 1511 sed
985 1457 1062 1511 fama
1079 1458 1216 1526 perennia
1365 1519 1367 1526 ¹

488 1534 619 1603 Tempore
636 1552 692 1604 quo
708 1534 828 1604 primum
846 1532 965 1601 Phrygis
982 1533 1124 1588 formabat
1141 1535 1171 1587 in
1191 1535 1242 1589 Ida
1303 1544 1322 1583 s]
1365 1531 1367 1588 Ξ

489 1613 597 1665 Aeneas
613 1611 735 1679 classem,
753 1614 783 1664 et
799 1608 890 1679 pelagi
906 1612 1006 1677 petere
1023 1609 1083 1663 alta
1099 1610 1226 1679 parabat,
1364 1617 1367 1696 l

489 1686 553 1755 Ipsa
571 1687 653 1741 deum
670 1687 759 1741 fertur
775 1685 902 1755 genetrix
921 1684 1088 1753 Berecyntia
1105 1704 1236 1755 magnum
1365 1701 1367 1726 ¹

489 1762 608 1817 Vocibus
625 1763 668 1817 his
684 1763 779 1817 adiuta
797 1763 907 1815 Iovem:
927 1761 978 1827 Da,
996 1764 1070 1828 nate,
1089 1763 1207 1831 petenti,
1343 1826 1346 1832 ,
1365 1799 1367 1818 ;

489 1839 568 1903 Quod
585 1843 633 1893 tua
650 1856 713 1893 earu
730 1854 829 1907 parens
846 1835 952 1891 domito
969 1840 999 1891 te
1016 1840 1109 1907 poscit
1127 1838 1250 1908 Olympo.
1365 1831 1367 1916 l

489 1915 573 1969 Pinea
590 1915 657 1969 silva
673 1915 748 1981 mibi,
768 1914 869 1967 multos
886 1912 988 1967 dilecta
1005 1930 1057 1983 per
1075 1930 1180 1981 annos;
1305 1924 1332 1963 u·
1365 1961 1367 1972 ,

489 1990 578 2045 Lucus
594 1992 622 2045 in
640 2008 703 2045 arce
719 1991 773 2045 init
790 2006 904 2057 summa,
921 2005 976 2056 quo
994 2005 1074 2044 sacra
1092 1985 1230 2061 ferebant,
1365 1983 1367 2018 ²

488 2065 614 2135 Nigranti
632 2068 708 2135 picea
726 2064 907 2133 trabibusque
923 2064 1057 2118 obscurus
1075 2067 1200 2123 acernis:

489 2142 548 2196 Has
566 2160 616 2210 ego
635 2140 890 2207 Dardanioiuveni,
908 2157 971 2194 cum
989 2140 1086 2196 classis
1104 2147 1211 2212 egeret,

488 2218 575 2272 Laeta
592 2219 671 2282 dedi;
689 2234 760 2272 nunc
778 2216 921 2271 sollicitam
938 2216 1023 2270 timor
1038 2218 1138 2273 anxius
1155 2221 1241 2289 angit
1365 2269 1367 2276 .

488 2293 567 2349 Solve
579 2297 767 2363 metuantque
778 2294 829 2347 hoc
839 2292 967 2361 precibus
975 2292 1286 2364 sineposseparentsm
1306 2304 1325 2343 a
1365 2305 1367 2354 3

488 2370 550 2424 Neu
567 2387 647 2424 cursu
665 2374 809 2439 quassatae
826 2368 883 2422 nllo
899 2384 953 2422 nen
971 2368 1085 2423 turbine
1102 2372 1182 2425 venti

423 2485 429 2496 .
489 2445 656 2512 Vincuntur,
673 2446 763 2515 prosit
778 2444 880 2499 nostris
896 2444 926 2497 in
943 2444 1085 2499 montibus
1103 2450 1189 2503 ortes

489 2520 576 2575 Filius
592 2522 655 2576 huic
672 2526 774 2589 contra,
793 2524 906 2589 torquet
923 2520 971 2589 qui
989 2519 1083 2574 sidera
1100 2523 1216 2579 mundi:

489 2596 512 2649 Ο
529 2598 663 2666 genetrix,
682 2615 736 2667 quo
754 2598 816 2651 iata
828 2598 927 2651 voeasl
944 2599 994 2649 aut
1011 2595 1080 2665 quid
1098 2600 1176 2666 petis
1193 2599 1269 2655 istisi
1366 2627 1367 2670 r

488 2673 633 2726 Mortaline
651 2690 733 2727 manu
749 2674 838 2727 iactae
855 2672 1000 2726 inmortale
1017 2672 1129 2727 carinae
1308 2683 1327 2724 u

490 2749 542 2801 Fas
560 2748 694 2804 habeant?
711 2752 859 2818 certusque
877 2748 984 2802 ineerta
1000 2748 1125 2817 pericula
1141 2750 1247 2808 lustret

489 2827 615 2879 Aeneasl
633 2826 772 2879 enitente
791 2825 843 2879 deo
860 2824 994 2893 permissa
1010 2822 1156 2892 potestas?
1243 2841 1246 2848 '

489 2901 584 2963 Immo,
603 2900 650 2954 ubi
669 2901 815 2955 defunctae
832 2900 915 2954 finem
932 2903 1085 2969 portusque
1104 2902 1243 2959 tenebunt

488 2977 625 3030 Ausonios
642 2977 715 3045 olim,
734 2992 924 3045 quaecumque
941 2976 1061 3031 evaserit
1078 2979 1164 3032 undis

487 3053 710 3121 Dardaniumque
729 3053 824 3107 ducem
846 3051 996 3106 Laurentia
1011 3053 1122 3108 vexerit
1139 3071 1214 3122 arva,
1302 3064 1330 3107 lc

487 3128 633 3182 Mortalem
652 3130 767 3199 eripiam
783 3130 907 3194 formam,
924 3128 1072 3197 magnique
1090 3129 1195 3187 iubebo

487 3206 624 3273 Aequoris
643 3223 703 3260 esse
721 3206 795 3274 deas,
813 3204 903 3273 qualis
920 3204 1022 3258 Nereia
1039 3203 1114 3259 Doto

487 3278 524 3332 Et
543 3279 657 3334 Galatea
675 3285 768 3334 secant
787 3283 959 3349 spumantem
975 3283 1088 3349 pectore
1105 3286 1236 3350 pontum.

487 3353 610 3421 Dixerat,
628 3355 712 3424 idque
730 3360 822 3410 ratum
840 3355 928 3423 Stygii
945 3372 996 3425 per
1013 3355 1127 3411 flumina
1143 3359 1249 3429 fratris,
1311 3397 1316 3410 .

487 3429 542 3483 Per
559 3429 620 3499 pice
638 3430 769 3483 torrentis
787 3433 904 3498 atraque
921 3432 1050 3499 voragine
1068 3433 1145 3501 ripas
1305 3442 1334 3485 ια

478 3506 598 3579 Adnuit,
619 3510 648 3564 et
667 3510 761 3564 totum
779 3513 852 3562 nutu
868 3507 1026 3559 tremeiecit
1039 3506 1196 3572 bimam.

501 3589 584 3663 Ergo
602 3589 712 3647 aderat
731 3584 882 3660 promissa
898 3580 972 3643 bien,
988 3582 1019 3629 et
1033 3580 1165 3638 tensam
1174 3579 1282 3630 naxus

450 3668 565 3732 Debita
586 3669 791 3748 conplorent:
812 3675 884 3715 cum
899 3644 1115 3708 'lurni'aimria
1124 3645 1258 3693 mmm
