3467 4367
676 610 860 678 anumnos
877 627 947 679 nm.
968 628 1002 678 v.
1219 633 1265 681 169

411 712 482 768 Tum
498 712 578 779 pater
596 709 713 775 Aeneas,
732 709 840 776 Vestra,
858 710 955 779 inquit,
973 727 1086 765 munera
1103 709 1180 766 vobis

412 789 497 844 Certa
513 788 634 853 manent,
650 785 735 854 pueri,
754 789 784 840 et
801 785 919 854 palmam
937 791 1029 841 movet
1047 787 1142 841 ordine
1159 803 1254 852 nemo;

412 865 459 918 Me
477 864 559 916 liceat
576 878 654 915 casus
673 862 796 914 miserari
814 862 928 915 insontis
947 862 1034 915 ainici.
1228 876 1266 916 ³50

411 941 456 994 Sic
473 940 547 993 fatus
565 941 673 1005 tergrmr
692 937 801 990 Gaetuli
819 938 927 990 inmane
945 938 1030 991 leonis

411 1017 468 1070 Dat
487 1015 567 1079 Salio,
584 1014 656 1067 villis
673 1029 817 1065 onerosum
835 1016 921 1081 atque
938 1013 1074 1081 unguibus
1091 1014 1190 1071 aureis

413 1092 467 1145 Hic
485 1090 578 1157 Nisus,
597 1089 625 1143 Si
644 1092 729 1155 tanta,
747 1087 844 1155 inquit,
863 1092 928 1141 sunt
945 1090 1067 1157 praemia
1084 1090 1171 1160 victis,

412 1169 449 1222 111
466 1171 496 1221 16
513 1166 651 1234 lapsorum
669 1166 788 1231 miseret,
807 1180 878 1232 quae
895 1182 1008 1219 munera
1025 1166 1093 1220 Niso

412 1244 502 1312 Digna
521 1241 614 1295 dabisl
633 1241 748 1309 primam
767 1242 854 1295 merui
872 1241 919 1309 qui
936 1242 1017 1296 laude
1034 1259 1168 1311 coronam,
1229 1257 1266 1297 sat

411 1320 448 1373 Ni
466 1336 518 1386 me,
537 1334 608 1386 quae
626 1317 737 1384 Salium,
755 1318 865 1371 fortuna
882 1318 990 1371 inimica
1008 1319 1123 1374 tulisset.

412 1397 449 1450 111
467 1394 547 1448 simul
563 1394 606 1447 his
624 1393 706 1447 dictis
723 1394 820 1447 faciem
838 1392 996 1447 ostentabat
1014 1397 1043 1447 et
1060 1394 1116 1448 udo

411 1471 514 1539 Turpia
530 1470 654 1524 membra
670 1469 741 1523 fimo.
780 1469 852 1522 Risit
869 1471 948 1536 pater
965 1472 1093 1537 optumus
1109 1471 1164 1539 olli,

412 1549 450 1601 Et
467 1546 584 1615 clipermr
602 1545 693 1600 efferri
711 1546 798 1613 iussit,
816 1544 993 1613 Didymaonis
1011 1547 1086 1613 artis,

411 1624 535 1693 Neptuni
552 1639 628 1677 sacro
648 1621 749 1675 Danais
767 1622 803 1675 de
820 1625 900 1689 poste
918 1621 1041 1677 refixum.
1228 1638 1266 1678 eso

413 1700 475 1753 Hoc
491 1699 617 1753 iuv'enem
635 1698 775 1766 egregium
792 1698 945 1766 praestanti
963 1714 1074 1753 munere
1092 1699 1185 1754 donat.

448 1775 523 1842 Post,
541 1774 588 1827 ubi
605 1772 723 1827 confecti
741 1773 844 1841 cursus,
863 1777 893 1828 et
911 1774 984 1827 dona
1000 1777 1123 1844 peregit:

412 1850 500 1918 Nunc,
518 1852 541 1905 si
559 1850 602 1904 cui
619 1850 707 1904 virtus
725 1850 885 1919 animusque
902 1850 931 1904 in
947 1854 1060 1919 pectore
1076 1869 1213 1923 praesens,

413 1927 505 1994 Adsit,
524 1931 553 1980 et
570 1926 686 1980 evinctis
704 1926 813 1980 attollat
831 1925 958 1981 bracchia
974 1927 1079 1996 palmis.

412 2003 457 2057 Sic
474 2004 512 2056 ait
531 2006 560 2056 et
576 2003 714 2070 geminum
731 2018 839 2069 pugnae
856 2003 985 2072 proponit
1002 2004 1141 2074 honorem,
1227 2020 1265 2061 ene

412 2078 519 2133 Victori
537 2078 657 2132 velatum
675 2094 741 2132 auro
759 2078 892 2147 vittisque
909 2080 1060 2147 iuvencum,
1345 2069 1350 2087 ⁰

413 2156 513 2209 Ensem
530 2158 615 2222 atque
631 2153 764 2221 insignem
781 2154 887 2221 galeam
905 2155 1002 2208 solatia
1018 2155 1097 2209 vieto.

412 2231 439 2285 N
441 2248 473 2285 ec
490 2246 580 2296 mora;
600 2230 728 2284 continno
746 2230 831 2283 vastis
848 2246 910 2283 oum
927 2230 1031 2284 viribus
1049 2231 1129 2285 effert

413 2307 469 2361 Ora
487 2307 581 2373 Dares,
598 2322 752 2373 magnoque
770 2305 857 2357 virum
876 2322 905 2358 se
923 2322 1062 2361 murmure
1081 2307 1168 2373 tollit3

412 2383 490 2437 Solus
507 2384 553 2452 qui
573 2381 700 2436 Paridem
717 2380 813 2434 solitus
830 2381 997 2436 contendere
1014 2385 1117 2449 contro,
1227 2396 1264 2439 nro

413 2458 547 2527 Idemque
564 2458 601 2512 ad
619 2458 760 2525 tumulum,
780 2473 833 2524 quo
851 2474 994 2512 maxumus
1012 2458 1125 2513 occubat
1144 2458 1257 2524 Hector,

414 2534 554 2588 Victorem
572 2535 662 2588 Buten
681 2533 782 2587 inmani
799 2550 920 2601 corpore,
938 2534 985 2603 qui
1003 2550 1033 2589 se

413 2610 546 2680 Bebrycia
563 2611 672 2664 veniens
691 2610 788 2678 Amyci
806 2609 841 2663 de
858 2612 943 2678 gente
961 2610 1076 2680 ferebat,

413 2686 534 2741 Perculit
552 2689 579 2739 61
596 2686 670 2740 fulva
686 2684 880 2739 moribundum
897 2686 1023 2741 extendit
1040 2703 1131 2742 arena.

412 2762 485 2816 Talis
501 2762 590 2830 prima
608 2762 695 2816 Dares
712 2764 794 2831 eaput
812 2762 899 2815 altum
916 2762 944 2815 in
962 2762 1065 2831 proelia
1082 2763 1163 2831 tollit,
1226 2776 1263 2819 ste

412 2838 597 2906 Ostenditque
615 2836 742 2891 humeros
761 2838 839 2904 latos,
857 2838 1018 2906 alternaque
1034 2838 1118 2892 iactat
1224 2829 1235 2842 ‘

412 2914 545 2968 Bracchia
561 2914 736 2983 protendens,
755 2917 784 2967 et
802 2913 931 2969 verberat
948 2914 1048 2967 ictibus
1065 2930 1153 2967 auras.

412 2990 560 3056 Quaeritur
576 2989 640 3043 huie
656 2990 740 3054 alius;
765 3006 815 3043 nec
834 2990 979 3058 quisquam
997 3006 1031 3042 ex
1049 2990 1157 3057 agmine
1174 2993 1253 3044 tanto

413 3067 509 3120 Audet
525 3066 603 3121 adire
620 3067 708 3120 virum
726 3066 905 3133 manibusque
922 3065 1053 3120 inducere
1071 3069 1187 3120 caestus.

411 3142 486 3211 Ergo
503 3141 606 3209 alacris,
624 3146 789 3210 cunctosque
807 3145 908 3211 putans
926 3141 1060 3196 excedere
1078 3142 1176 3211 palma,
1227 3156 1265 3196 aso

413 3222 524 3273 Aeneae
542 3219 621 3273 stetit
638 3221 702 3272 ante
719 3219 812 3287 pedes,
831 3234 882 3272 nee
898 3218 978 3287 plura
995 3222 1118 3273 moratus

411 3294 481 3349 'lum
498 3293 576 3349 laeva
592 3297 702 3349 taurum
719 3311 803 3348 cornu
820 3297 905 3363 tenet,
923 3298 1008 3363 atque
1026 3295 1065 3350 ita
1083 3295 1171 3349 sature

411 3370 437 3423 N
439 3374 485 3425 ate
503 3370 564 3439 dea,
581 3393 605 3430 ει
622 3387 701 3425 nemo
717 3370 802 3425 audet
820 3387 850 3425 se
867 3370 982 3425 credere
998 3386 1115 3439 pugnae,

412 3447 488 3511 Quae
506 3447 570 3501 finis
586 3446 694 3503 standil
715 3463 770 3514 quo
787 3464 833 3502 me
850 3447 931 3503 decet
948 3463 1037 3517 usque
1053 3447 1169 3501 tenerit

411 3523 519 3576 Ducere
536 3524 608 3577 dona
622 3522 695 3577 iube.
731 3524 833 3583 Cuncti
850 3526 936 3582 61111111
951 3542 1004 3581 ore
1019 3522 1190 3579 tremebant
1256 3523 1304 3563 w»

398 3596 585 3666 Dardanidae,
605 3598 747 3669 reddique
766 3604 830 3662 viro
848 3605 999 3679 promissa
1012 3598 1176 3657 iubebant.

385 3667 445 3719 Hic
456 3673 555 3733 granis
573 3675 724 3734 Entellum
745 3680 839 3741 dictis
856 3683 995 3754 castigat
1017 3678 1168 3736 acestes,
