3467 4367
445 635 479 682 28
685 630 714 680 P.
733 629 888 678 VERGILI
905 629 1071 678 MARONIS

448 713 605 767 Deficerent
621 711 705 765 silvae
722 714 753 764 et
770 712 871 765 victum
890 710 1003 764 Dodona
1021 713 1142 779 negaret.
1260 766 1263 772 ,

447 791 513 844 Mox
532 792 561 842 et
578 788 722 841 frumentis
740 786 817 839 labor
835 788 951 854 additus,
970 791 1002 841 ut
1020 786 1091 840 mala
1108 787 1212 842 ommes
1271 804 1308 844 lto

447 867 528 920 Esset
545 864 639 931 robigo
658 864 802 932 segnisque
820 865 946 917 horreret
963 866 991 917 in
1009 865 1079 917 arvis

448 943 586 1007 Carduus3
603 941 744 994 intereunt
763 944 879 1009 segetes,
899 941 971 995 subit
990 958 1087 1011 aspera
1105 943 1180 1008 silva,

447 1021 611 1090 Lappaeque
630 1016 784 1092 tribolique,
802 1017 931 1087 interque
950 1019 1065 1072 nitentia
1082 1019 1155 1072 culta

448 1097 547 1151 Infelix
565 1095 657 1149 lolium
676 1098 706 1149 et
723 1094 829 1148 steriles
849 1095 1024 1148 dominantur
1041 1112 1150 1148 avenae.

447 1173 595 1238 Quodnisi
614 1175 644 1225 et
661 1172 783 1225 adsiduis
801 1170 914 1224 herbam
933 1172 1104 1225 insectabere
1121 1172 1226 1239 rastris,
1274 1187 1311 1226 rsa

448 1250 484 1304 Et
500 1249 589 1301 sonitu
608 1247 725 1302 terrebis
744 1265 814 1315 aves,
833 1249 950 1301 etruria
968 1248 1044 1316 opaci

448 1326 529 1379 Falce
546 1341 655 1393 premes
674 1324 807 1393 umbram,
826 1325 951 1392 votisque
971 1324 1108 1377 vocaveris
1125 1323 1249 1392 imbrem,

449 1402 520 1469 Heu,
538 1418 665 1469 magnum
684 1400 797 1455 alterius
814 1401 918 1453 fmstra
937 1399 1075 1467 spectabis
1093 1415 1227 1467 aceruum,

448 1478 639 1545 concussaque
658 1477 757 1530 famem
775 1477 803 1530 in
821 1477 895 1529 silvis
915 1476 1039 1529 solabere
1057 1492 1166 1544 quercu.

483 1553 635 1607 Dicendum
654 1557 690 1622 ct,
709 1569 779 1620 quae
796 1554 851 1606 sint
870 1552 944 1605 duris
965 1552 1117 1619 agrestibus
1135 1568 1218 1620 arnna,
1275 1567 1314 1606 roo

449 1630 514 1694 Quis
532 1631 589 1683 sine
608 1647 658 1684 nec
676 1633 791 1698 potuere
809 1630 862 1682 seri
881 1646 932 1681 nec
951 1645 1063 1695 surgere
1080 1645 1197 1683 messes:

449 1706 544 1759 Vomis
566 1710 596 1761 et
611 1706 704 1759 inflexi
721 1706 839 1775 primum
857 1722 940 1773 grave
960 1704 1044 1757 robur
1062 1706 1154 1773 aratri,

449 1782 593 1851 Tardaque
613 1782 758 1835 Eleusinae
776 1782 873 1835 matris
891 1781 1028 1835 volventia
1047 1782 1176 1851 plaustra,

449 1858 620 1927 Tribulaque,
641 1858 816 1926 traheaeque,
836 1861 866 1910 et
883 1858 976 1926 iniquo
996 1858 1117 1925 pondere
1135 1857 1232 1924 rastri;

451 1934 552 2003 Virgea
569 1939 714 2004 praeterea
734 1934 807 1987 Celei
826 1934 940 2001 vilisque
958 1934 1088 2002 supellex,
1276 1948 1314 1988 roa

450 2011 591 2064 Arbuteae
609 2015 699 2064 crates
717 2014 746 2064 et
763 2011 877 2079 mystica
895 2026 998 2063 vannus
1018 2010 1114 2063 iacchi.

450 2087 548 2140 Omnia
566 2103 636 2155 quae
655 2087 740 2139 multo
759 2089 823 2139 aute
842 2102 946 2139 memor
964 2087 1073 2154 provisa
1090 2101 1213 2152 repones,

451 2163 479 2217 Si
497 2167 526 2217 te
544 2164 627 2232 digna
646 2165 738 2217 manet
757 2163 840 2216 divini
857 2161 944 2230 gloria
962 2163 1039 2216 ruris.

451 2239 585 2294 Continuo
603 2240 632 2294 in
649 2241 723 2296 silvis
742 2256 841 2307 magna
859 2239 886 2292 vi
904 2239 975 2293 flexa
995 2238 1124 2291 domatur

452 2315 485 2369 In
503 2316 592 2371 burim
612 2321 641 2371 et
658 2317 733 2369 curvi
751 2317 865 2370 formam
887 2317 983 2383 accipit
1001 2316 1090 2368 ulmus
1108 2314 1199 2369 aratri.
1280 2327 1316 2369 rto

453 2393 523 2446 Huic
539 2392 574 2445 ab
593 2394 678 2461 stirpe
697 2393 782 2462 pedes
801 2396 876 2446 temo
895 2395 1041 2460 protentus
1058 2392 1085 2443 in
1104 2394 1173 2457 octo,

452 2467 535 2521 Binae
554 2484 641 2535 aures,
662 2468 762 2536 duplici
780 2472 912 2537 aptantur
932 2468 1051 2521 dentalia
1069 2468 1158 2521 dorso.

451 2543 582 2596 Caeditur
601 2546 631 2596 et
648 2544 707 2597 tilia
727 2548 792 2597 ante
811 2545 874 2611 iugo
893 2544 966 2611 levia,
987 2545 1097 2613 altaque
1115 2546 1192 2611 fagus

451 2619 588 2687 Stiuaque,
607 2635 677 2687 quae
696 2635 789 2672 cursus
808 2637 825 2672 a
843 2623 922 2687 tergo
944 2624 1072 2689 torqueat
1089 2620 1172 2685 im0s;

450 2694 487 2748 ut
505 2711 636 2764 suspensa
654 2695 721 2748 focis
740 2696 865 2763 explorat
885 2696 983 2750 robora
1001 2697 1096 2750 fumus.
1172 2695 1174 2699 ’
1279 2710 1318 2753 175

486 2771 598 2824 Possum
617 2771 704 2824 multa
721 2770 772 2824 tibi
792 2776 915 2826 veterum
935 2777 1082 2843 praecepta
1099 2777 1210 2841 referre,

450 2847 487 2900 Ni
505 2847 606 2915 refugis
626 2847 770 2916 tenuisque
790 2850 868 2917 piget
887 2866 1049 2917 cognoscere
1067 2866 1151 2903 curas.

453 2924 527 2976 Arca
545 2940 606 2977 cum
626 2924 719 2993 primis
738 2926 843 2993 ingenti
862 2926 1008 2994 aequanda
1026 2926 1146 2993 cylindro

452 3000 639 3053 devoranda
658 3018 739 3055 manu
758 3006 788 3056 et
806 3007 884 3057 creta
904 3003 1045 3056 solidanda
1062 3003 1157 3062 tenaci.

452 3075 495 3129 Ne
513 3076 628 3130 subeant
648 3077 756 3146 herbae,
778 3095 831 3132 neu
849 3080 962 3149 pulvere
981 3079 1054 3133 ricta
1070 3080 1185 3145 fatiscat,
1281 3097 1320 3135 1so

451 3150 520 3205 Tum
538 3153 627 3207 variae
646 3154 772 3209 inludant
790 3160 898 3224 pestes:
919 3172 1000 3224 saepe
1019 3156 1210 3223 exiguusmus

452 3226 508 3281 Sub
526 3230 608 3282 terris
625 3232 772 3300 posuitque
792 3233 992 3300 domosatqua
1010 3231 1108 3285 horrea
1126 3232 1205 3295 iecit3

393 3289 408 3320 ²
453 3305 513 3358 Aut
530 3306 612 3359 oculis
632 3309 705 3376 capti
724 3309 819 3361 fodere
838 3308 937 3361 cubilia
955 3307 1065 3375 talpae3

454 3380 638 3452 Inventusque
657 3385 728 3437 caris
748 3384 821 3451 bufo,
841 3388 959 3453 atquae
978 3383 1097 3452 plurima
1114 3391 1205 3437 terrae
1282 3399 1320 3438 res

447 3455 574 3511 Monstra
591 3460 686 3513 ferunt
695 3482 703 3526 ,·
720 3461 891 3531 populatque
908 3461 1051 3529 ingentem
1068 3460 1148 3512 farris
1166 3477 1292 3514 acervum

433 3527 568 3601 Cerealia
591 3540 683 3607 atqua
702 3539 780 3610 inopi
800 3544 931 3594 metuens
950 3537 1071 3590 formica
1088 3540 1227 3586 senectae.

415 3595 644 3676 Contemplator
660 3616 743 3686 item,
765 3636 831 3673 cum
854 3635 889 3673 se
906 3634 969 3672 nux
986 3614 1114 3685 plurima
1134 3608 1213 3659 siluis

392 3664 515 3732 Induat
533 3684 564 3736 in
586 3688 698 3749 liorem
721 3698 754 3751 et
776 3713 883 3753 ramos
904 3692 1044 3751 curvabit
1063 3682 1185 3740 olenus:
