3467 4367
472 653 519 700 aro
706 649 736 698 P.
755 647 909 695 venerer
927 646 1091 696 umorum
1125 630 1127 633 ‘

472 730 701 799 Quandoquidem
720 727 843 781 Ausonio
860 728 979 796 respersi
998 729 1128 795 sanguine
1146 728 1271 799 Teucros,

473 807 534 862 Hoc
551 808 635 862 etiam
653 806 695 858 his
713 804 819 869 addam,
838 807 887 857 tua
906 804 929 857 si
947 804 1013 857 mihi
1031 808 1108 857 certa
1124 805 1263 861 voluntas:

473 884 616 938 Finitimas
633 884 661 934 in
679 881 752 935 bella
769 881 856 934 feram
874 880 1029 934 rumoribus
1047 880 1139 948 urbes,

475 959 685 1025 Accendamque
704 957 809 1010 animos
826 957 916 1009 insani
934 956 1034 1010 Martis
1051 973 1151 1026 amore,
1289 973 1327 1013 tto

472 1035 601 1104 Undique
619 1037 650 1087 ut
668 1032 769 1086 auxilio
786 1032 910 1087 veniant:
930 1049 1055 1101 spargam
1074 1049 1150 1086 arma
1168 1050 1219 1102 per
1236 1050 1324 1102 agros.

472 1111 540 1164 Tum
557 1112 652 1164 contra
671 1110 754 1175 lun0;
773 1108 919 1162 Terrorum
938 1112 966 1162 et
985 1108 1089 1161 fraudis
1107 1108 1216 1164 abunde
1233 1114 1291 1165 est:

471 1187 552 1240 Stant
570 1185 635 1239 belli
652 1201 776 1239 caussae:
796 1181 935 1252 pugnatur
952 1185 1102 1238 comminus
1119 1186 1216 1251 armis;

471 1263 548 1327 Quae
565 1262 621 1316 fors
639 1262 727 1330 prima
744 1261 830 1325 dedit,
850 1262 960 1328 sanguis
978 1277 1064 1313 novus
1083 1262 1184 1315 imbuit
1202 1278 1284 1315 arma

471 1338 547 1392 Talia
563 1337 688 1405 coniugia
706 1341 735 1391 et
752 1337 816 1390 talis
833 1336 973 1390 celebrent
984 1336 1152 1405 hymenaeos
1289 1352 1326 1392 aaa

471 1414 620 1484 Egregium
638 1414 755 1468 Veneris
772 1430 859 1481 genus
878 1416 907 1466 et
924 1430 973 1467 rex
991 1414 1051 1481 ipse
1070 1413 1191 1467 Latinus.

471 1490 510 1545 'Fe
527 1508 608 1559 super
627 1489 762 1544 aetherias
780 1506 874 1543 errare
893 1489 1019 1542 licentius
1036 1505 1118 1542 auras

394 1611 397 1616 .
472 1566 556 1619 Haud
576 1568 658 1620 Pater
675 1566 722 1618 ille
740 1565 807 1619 velit
832 1565 930 1618 summi
948 1568 1079 1633 regnator
1097 1564 1211 1633 Olympi

472 1642 547 1696 Cede
563 1643 637 1695 locis.
673 1642 738 1709 Ego,
756 1642 779 1694 si
797 1607 853 1709 ξω
870 1658 953 1710 super
971 1641 1081 1695 fortuna
1097 1641 1220 1695 labomm
1238 1644 1289 1708 est,

472 1718 537 1786 Ipsa
555 1735 654 1784 regam.
692 1717 763 1770 Talis
782 1717 899 1770 dederat
918 1718 1046 1771 Saturnia
1062 1734 1156 1783 voces3
1289 1733 1327 1773 too

472 1795 525 1847 llla
541 1799 634 1846 autem
653 1793 757 1846 attollit
775 1793 919 1847 stridentis
938 1793 1072 1861 anguibus
1090 1794 1153 1860 alas,

472 1870 620 1938 Cocytique
638 1869 710 1937 petit
728 1869 829 1933 sedem,
847 1887 947 1938 supera
965 1870 1051 1924 ardua
1069 1870 1200 1938 linquens.

471 1946 522 1999 Est
539 1946 614 1999 locus
633 1946 732 1998 ltaliae
751 1945 842 1999 medio
860 1946 912 1999 sub
930 1946 1067 1999 montibus
1085 1946 1154 2015 altis,

472 2022 580 2076 Nobilis
599 2026 628 2075 ot
645 2022 718 2075 fama
735 2022 829 2075 multis
847 2026 1015 2076 memoratus
1033 2022 1061 2076 in
1080 2023 1141 2088 oris,

472 2099 615 2153 Amsancti
633 2099 731 2164 valles;
749 2097 842 2152 densis
860 2098 931 2152 hunc
949 2098 1091 2153 frondibus
1109 2102 1200 2153 atrum
1289 2116 1327 2157 tte

471 2174 580 2243 Urguet
597 2175 738 2243 utrimque
756 2174 827 2227 latus
845 2175 971 2242 nemoris,
989 2175 1137 2244 medioque
1154 2176 1278 2244 tragonis

472 2250 528 2305 Dat
546 2252 667 2305 sonitum
686 2252 758 2304 saxis
777 2255 806 2304 et
823 2255 898 2305 torto
917 2251 1019 2305 vertice
1037 2255 1151 2305 torrens.

472 2327 526 2381 llic
544 2344 640 2395 specus
658 2327 825 2380 horrendum
844 2330 874 2380 et
892 2323 965 2381 saevi
984 2328 1119 2396 spiracula
1137 2328 1209 2381 Ditis
1279 2390 1282 2396 .

471 2403 669 2469 Monstrantur,
688 2406 827 2471 ruptoque
846 2403 942 2470 ingens
961 2404 1119 2458 Acheronte
1135 2420 1235 2473 vorago

472 2479 620 2533 Pestiferas
637 2478 727 2548 aperit
744 2478 844 2546 fauces,
862 2480 923 2547 quis
942 2480 1052 2534 condita
1071 2480 1174 2549 Erinys,
1289 2495 1327 2537 mo

472 2554 595 2607 Invisum
613 2570 720 2620 numen,
739 2556 828 2606 terras
846 2555 1006 2624 caelumque
1024 2555 1139 2609 levabat

400 2646 404 2652 ·
506 2630 532 2682 N
534 2646 564 2683 ec
581 2630 671 2682 minus
688 2628 794 2682 interea
811 2632 963 2684 extremam
983 2632 1112 2685 Saturnia
1128 2632 1201 2686 bello

472 2706 584 2775 Inponit
601 2705 695 2773 regina
713 2721 829 2759 manum.
867 2705 936 2759 Ruit
954 2708 1041 2760 omnis
1058 2708 1088 2761 in
1105 2708 1201 2762 urbem
1295 2740 1298 2744 ι

472 2782 616 2837 Pastomm
634 2799 668 2836 ex
686 2783 743 2836 acio
760 2798 896 2850 numerus,
914 2800 1061 2853 caesosque
1078 2788 1220 2853 reportant

473 2859 618 2913 Almonem
636 2875 751 2928 puerum
767 2858 929 2929 foedatique
946 2877 995 2914 ora
1013 2860 1128 2927 Galaesi,
1288 2876 1325 2917 57⁶

473 2935 669 3005 Inplorantque
688 2935 761 3000 deca
780 2935 1010 3006 obtestanturque
1030 2938 1167 2993 Latinum.

368 3036 380 3058 .
472 3010 578 3065 'lurnus
596 3011 683 3079 adest,
701 3012 847 3080 medioque
864 3013 893 3065 in
911 3013 1023 3067 crimine
1041 3014 1133 3067 caedis
1150 3018 1179 3068 et
1196 3014 1253 3083 igni

472 3087 614 3141 Terrorem
632 3088 796 3155 ingeminat:
816 3088 933 3142 Teucros
952 3089 981 3141 in
998 3106 1082 3158 regna
1100 3090 1204 3152 vocari3

472 3163 593 3232 Stirpem
611 3163 756 3217 admisceri
774 3163 935 3232 Phrygiam:
955 3183 985 3220 se
1003 3167 1096 3220 limine
1113 3166 1185 3235 pelli.

473 3238 549 3306 Tum,
562 3256 678 3308 quorum
690 3239 823 3293 attonitae
837 3240 944 3295 Baccho
956 3259 1067 3296 nemora
1078 3244 1139 3297 avia
1149 3246 1252 3297 matres
1288 3259 1325 3298 ssa

474 3314 612 3369 Insultant
623 3315 727 3382 thiasis,
733 3332 852 3383 -neque
865 3317 938 3371 enim
950 3319 1011 3371 leve
1022 3336 1120 3372 nomen
1134 3321 1295 3386 Amatae,-

476 3389 603 3458 Undiquo
620 3389 726 3443 collecti
744 3394 849 3455 coeunt
868 3392 1043 3463 Martemque
1060 3395 1183 3463 fatigant.

461 3465 548 3521 ilicet
563 3465 710 3521 infandum
729 3467 821 3522 cuncti
838 3472 936 3523 contra
951 3471 1042 3524 omina
1058 3470 1167 3537 bellum,

449 3541 559 3600 Contra
576 3544 642 3603 fata
660 3546 756 3617 deum,
777 3564 914 3620 perverso
931 3547 1048 3602 numine
1061 3549 1188 3614 poscunt.

434 3616 583 3680 Certatim
605 3626 690 3700 regis
712 3628 910 3686 circumstant
927 3627 1011 3681 tecta
1025 3620 1147 3679 liat'mit
1314 3630 1358 3665 iffi

416 3690 480 3749 Ille
503 3703 590 3761 volut
609 3709 719 3782 pelagi
738 3727 838 3783 rupes
858 3708 983 3763 inmota
997 3694 1123 3759 resistit,
