3467 4367
597 658 600 662 ’
700 641 883 691 AENEIDOS
906 641 975 692 LIB.
997 640 1048 691 Ἦ,
1248 628 1296 678 189

448 719 528 773 Idem
545 724 590 776 ter
607 721 693 775 socios
710 738 780 790 pura
796 723 963 777 circumtulit
978 721 1059 790 unda

446 796 584 865 Spargens
602 814 665 852 rore
681 798 735 852 levi
753 800 781 851 et
799 815 874 851 ramo
891 798 977 852 felicis
994 798 1088 865 olivae,
1263 808 1300 849 reo

446 872 643 942 Lustravitque
660 875 741 943 viros,
762 874 887 943 dixitque
904 874 1049 928 novissima
1065 873 1156 929 verba

446 949 487 1003 At
504 950 565 1018 pius
584 952 694 1004 Aeneas
711 950 816 1017 ingenti
834 950 906 1004 mole
924 950 1097 1019 sepulchrum

446 1026 565 1100 Inponit,
584 1042 686 1095 suaque
704 1042 780 1079 arma
797 1026 855 1079 viro
873 1042 1032 1094 remumque
1050 1025 1209 1095 iubamque,

445 1103 541 1156 Monte
559 1102 609 1157 sub
627 1103 708 1171 aerio,
726 1103 774 1171 qui
792 1118 862 1155 nunc
880 1101 1001 1155 Misenus
1019 1102 1053 1155 ab
1071 1102 1117 1155 illo

444 1178 560 1248 Dicitur,
577 1184 774 1250 aeternumque
792 1182 870 1233 tenet
887 1194 937 1247 per
955 1178 1062 1232 saccula
1078 1194 1185 1232 nomen.
1261 1192 1297 1233 555

481 1257 533 1309 His
550 1255 618 1310 actis
636 1272 752 1325 propere
770 1255 931 1324 exsequitur
947 1258 1093 1323 praecepta
1111 1254 1236 1323 Sibyllae

444 1333 579 1400 Spelunca
596 1333 653 1387 alta
669 1332 722 1387 fuit
740 1337 873 1400 vastoque
890 1330 1005 1384 inmanis
1022 1330 1107 1395 hiatu,

445 1408 571 1477 Scrnpca,
590 1412 652 1462 tuta
669 1409 729 1462 lacu
746 1408 824 1477 nigro
842 1424 1040 1475 nemorumque
1057 1405 1187 1474 tenebris,

444 1486 532 1549 Quam
550 1501 632 1551 super
650 1485 723 1538 haud
741 1485 813 1538 ullae
829 1487 959 1552 poteraut
976 1484 1078 1553 inpune
1096 1483 1219 1538 volantes

444 1561 569 1615 Tendere
587 1562 641 1613 iter
658 1562 766 1629 pennis:
786 1561 849 1615 talis
866 1576 926 1614 sese
943 1560 1045 1615 halitus
1062 1559 1130 1613 atris
1260 1574 1297 1615 elo

444 1637 579 1691 Faucibus
596 1636 738 1691 effundens
755 1654 853 1706 supera
871 1638 907 1691 ad
925 1654 1044 1691 convexa
1060 1635 1179 1691 ferebat:

443 1713 538 1783 [Unde
554 1714 644 1767 locum
663 1713 738 1767 Graii
756 1714 886 1768 dixemnt
903 1714 1012 1768 nomine
1031 1710 1162 1781 Acmon]

445 1790 580 1854 Quattuor
597 1789 642 1843 hic
659 1790 778 1859 primum
795 1789 930 1858 nigrantis
947 1793 1026 1859 terga
1043 1790 1170 1843 iuvencos

444 1866 593 1920 Constituit
610 1865 750 1935 frontique
767 1866 886 1935 invergit
903 1867 965 1921 vina
975 1866 1116 1933 'sacerdos

443 1942 481 1997 Et
498 1959 617 1995 summas
634 1958 748 2011 carpens
765 1943 857 1997 media
874 1944 947 1996 inter
964 1959 1065 1996 cornua
1082 1944 1172 1996 saetas
1258 1956 1295 1996 24⁵

443 2018 559 2086 Ignibus
576 2018 682 2087 inponit
700 2019 791 2085 sacris,
809 2019 939 2072 libamina
955 2019 1051 2088 primu,

443 2096 519 2149 Voce
535 2110 634 2148 vocans
652 2095 785 2161 Hecaten,
804 2094 939 2162 Caeloque
957 2093 1100 2163 Ereboque
1117 2097 1266 2163 potentem

443 2171 606 2240 Supponunt
623 2170 670 2223 alii
688 2170 797 2235 cultros
815 2169 996 2238 tepidumque
1014 2186 1138 2224 cruorem

444 2247 602 2316 Succipiunt
618 2245 728 2315 pateris.
766 2246 831 2314 Ipse
849 2246 902 2299 atri
920 2245 1027 2298 velleris
1045 2262 1142 2313 agnam

428 2324 554 2379 ⁴Aeneas
571 2324 654 2378 matri
673 2322 855 2376 Eumenidum
873 2331 1041 2390 magnaeque
1060 2321 1146 2375 sorori
1258 2338 1294 2377 555

443 2400 517 2455 Ense
532 2401 604 2467 ferit,
624 2399 801 2467 sterilemque
818 2398 877 2463 tibi,
897 2398 1064 2466 Proserpina
1082 2413 1197 2453 vaccam.

443 2476 512 2531 'lum
530 2477 624 2546 Stygio
642 2476 701 2543 regi
718 2478 866 2530 nocturnas
883 2473 990 2527 inchoat
1008 2490 1076 2543 aras,

443 2553 480 2607 Et
497 2553 584 2607 solida
600 2553 705 2621 inponit
722 2554 865 2605 taurorum
882 2550 986 2604 viscera
1003 2551 1125 2619 flammis,

445 2629 549 2698 Pingue
567 2646 648 2697 super
665 2629 754 2682 oleum
771 2626 917 2680 infundens
935 2627 1094 2682 ardentibus
1112 2627 1198 2682 extis.-

443 2705 513 2759 Ecce
531 2709 629 2771 autem,
647 2705 727 2774 primi
745 2702 797 2757 sub
814 2703 916 2758 lumina
934 2704 996 2757 solis
1014 2707 1042 2757 et
1059 2707 1136 2758 ortus
1257 2719 1294 2759 255

444 2781 501 2835 Sub
518 2780 634 2849 pedibus
651 2780 757 2849 mugire
775 2780 869 2844 solum,
887 2783 916 2833 et
933 2780 996 2847 iuga
1013 2782 1109 2848 coepta
1126 2779 1229 2833 moveri

444 2857 585 2925 Silvarum,
603 2858 730 2926 visaeque
747 2874 828 2911 canes
845 2855 950 2908 ululare
968 2871 1017 2923 per
1034 2855 1168 2920 umbram,

410 2978 417 2988 ,
445 2933 622 2989 Adventante
639 2933 699 2986 dea
736 2932 833 2987 Procul
852 2949 876 3000 0,
894 2931 987 3001 procul
1006 2934 1073 2997 este,
1090 2929 1205 2999 profani,

444 3010 602 3066 Conclamat
619 3013 702 3076 vates,
721 3014 836 3079 totoque
854 3008 978 3063 absistite
995 3007 1070 3071 luco;

443 3086 539 3157 Tuque
556 3087 654 3141 invade
671 3086 751 3154 viam,
770 3086 923 3154 vaginaque
941 3082 1016 3150 cripe
1034 3081 1153 3148 lenum3
1257 3097 1293 3136 aco

444 3164 522 3217 Nunc
540 3164 635 3219 animis
652 3180 727 3233 opus,
747 3164 849 3227 Aenea,
866 3176 937 3214 nunc
954 3162 1066 3228 pectore
1083 3159 1170 3214 firmo.

443 3239 561 3294 'lantum
579 3241 666 3306 citata
683 3240 779 3293 furens
796 3242 876 3292 antro
895 3253 923 3290 se
941 3235 1044 3289 inmisit
1061 3239 1173 3305 aperto;

446 3315 496 3369 llle
514 3317 612 3372 ducem
629 3316 704 3370 haud
721 3314 827 3369 timidis
843 3312 990 3367 vadentem
1008 3312 1132 3380 passibus
1149 3314 1257 3380 aequat.

478 3391 521 3460 Di,
552 3394 649 3463 quibus
677 3392 813 3461 inperium
842 3392 886 3444 est
920 3388 1081 3456 animarum,
1116 3387 1293 3456 Umbraeque

546 3469 665 3535 silentes,

437 3546 477 3598 Et
495 3546 591 3615 Obaos,
608 3549 638 3601 et
656 3544 845 3619 Phlegethon,
858 3544 927 3601 loca
941 3545 1031 3599 nocte
1045 3532 1271 3595 necutiante„
1289 3534 1338 3571 m

426 3618 472 3671 Sit
489 3623 559 3677 mibi
574 3624 618 3679 fas
636 3623 740 3683 andita
758 3624 860 3699 loqui,
880 3622 921 3680 sit
938 3618 1065 3676 numine
1080 3612 1190 3665 vestm

417 3690 554 3755 Pandere
571 3718 621 3758 ves
640 3702 706 3761 alta
725 3708 815 3763 terra
830 3707 867 3763 et
886 3699 1020 3771 caligine
1037 3699 1172 3748 mersas·
