3467 4367
715 620 904 671 BUCOLIGA.
935 619 1009 669 net..
1027 619 1078 667 IX.
1287 623 1317 667 19

469 707 531 761 Has
548 704 613 758 olim
631 702 743 756 enudas
760 701 828 754 mihi
845 700 967 770 perfidus
986 700 1032 754 ille
1050 700 1169 769 reliquit,

467 782 588 849 Pignora
604 796 668 839 cara
685 779 744 844 sui;
762 795 833 846 quae
851 794 922 831 nnnc
940 794 991 845 ego
1009 776 1102 831 limine
1119 778 1147 831 in
1164 777 1230 846 ipso,

467 859 559 923 Terra,
577 855 630 910 tibi
647 855 767 920 mando;
785 853 888 907 debent
905 852 973 908 haec
990 854 1105 922 pignora
1122 852 1266 922 Daphnim.

467 935 568 988 Ducite
580 932 615 986 ab
626 931 696 984 urbe
709 930 827 997 domum,
841 947 903 983 mea
914 930 1041 997 carmina,
1054 929 1145 983 ducite
1157 930 1302 998 Daphnim.

395 1033 397 1035 ·
468 1012 528 1065 Has
545 1008 644 1063 herbas
662 1009 746 1075 atque
763 1006 831 1060 haec
849 1005 937 1059 Ponto
955 1006 1021 1059 mihi
1039 1006 1110 1060 lecta
1127 1024 1231 1062 venena
1296 1022 1321 1062 95

468 1087 533 1156 Ipse
550 1084 630 1138 dedit
648 1084 767 1149 Moeris;
785 1086 934 1136 nascuntur
951 1081 1068 1150 plurima
1087 1084 1183 1138 Ponto.

468 1165 521 1217 His
539 1177 590 1231 ego
608 1175 690 1228 saepe
709 1159 803 1228 lupum
821 1159 882 1213 fieri
900 1161 977 1213 etse
995 1159 1113 1214 condere
1130 1160 1204 1214 silvis

467 1240 592 1307 Moerim,
611 1254 693 1306 saepe
710 1236 814 1289 animas
831 1236 894 1289 imis
912 1236 1003 1290 excire
1021 1235 1182 1304 sepulchris
1280 1230 1289 1249 ⁸

468 1317 564 1385 Atque
582 1318 655 1369 satas
673 1314 726 1367 alio
743 1312 799 1365 vidi
818 1309 964 1366 traducere
981 1314 1084 1366 messis.
1296 1328 1321 1366 aa

467 1393 567 1447 Ducite
579 1391 614 1445 ab
626 1390 695 1444 urbe
708 1390 826 1457 domum,
839 1405 901 1442 mea
913 1390 1039 1456 carmina,
1051 1388 1144 1441 ducite
1156 1388 1299 1456 Daphnim.

469 1469 652 1535 serenares,
675 1465 815 1535 Amarylli,
833 1465 913 1534 foras,
932 1465 1045 1534 rivoque
1063 1465 1159 1519 fluenti

467 1545 608 1614 'l'ransquc
620 1545 704 1613 capnt
714 1542 787 1607 iace;
797 1559 848 1596 nec
859 1541 1020 1611 respexeris.
1057 1541 1111 1594 His
1123 1557 1174 1609 ego
1181 1541 1318 1611 Daphnim

470 1621 643 1689 Adgrediar;
659 1618 727 1673 nihil
745 1618 791 1672 ille
809 1618 883 1686 deos,
900 1618 938 1671 nil
956 1619 1076 1672 carmina
1093 1621 1177 1672 curat.

468 1697 568 1751 Ducite
579 1696 614 1751 ab
626 1695 695 1749 urbe
708 1696 826 1761 domum,
837 1712 900 1750 mea
911 1695 1036 1760 carmina,
1049 1694 1142 1749 ducite
1154 1695 1298 1764 Daphnim.

468 1773 578 1842 Aspice,
598 1773 731 1841 corripuit
748 1772 873 1826 tremulis
892 1771 988 1826 altaria
1006 1772 1122 1826 flammis
1284 1792 1320 1831 ms

468 1850 572 1918 Sponte
590 1866 646 1914 sua,
665 1849 730 1902 dum
748 1849 821 1903 ferre
838 1865 937 1916 moror,
955 1849 1022 1902 cinis
1040 1849 1107 1918 ipse.
1144 1849 1251 1904 Bonum
1269 1852 1319 1907 sit!

469 1926 568 1980 Nescio
587 1924 654 1993 quid
672 1929 747 1979 certe
765 1930 814 1989 est
833 1928 862 1980 ct
881 1926 972 1995 Hylax
990 1926 1017 1978 in
1035 1927 1128 1981 limine
1145 1927 1185 1981 lat
1217 1930 1238 1982 t.

469 2001 634 2055 Credimnsl
652 2017 694 2067 an,
712 2003 758 2070 qni
776 2006 877 2067 amant,
895 2002 946 2071 ipsi
965 2003 1016 2057 sibi
1035 2003 1140 2058 somnia
1157 2004 1285 2073 lingimtl

469 2077 587 2145 Parcite,
598 2077 634 2132 ab
646 2078 715 2132 urbe
726 2079 810 2145 venit,
822 2080 885 2144 iam,
898 2080 1023 2148 carmina,
1036 2081 1149 2149 parcite,
1165 2080 1297 2151 Daphnis.

763 2248 951 2306 ECLOGA
977 2248 1036 2306 IX.

823 2354 968 2403 MOERIS.

543 2501 545 2507 ¹
595 2502 597 2506 .
760 2456 882 2496 tremas.
917 2458 1028 2497 nonme.

469 2531 503 2584 1..
523 2529 584 2594 Quo
596 2532 633 2595 te,
646 2526 734 2581 Moeri
755 2526 857 2596 pedesl
871 2543 911 2593 an,
924 2543 978 2595 quo
991 2528 1034 2581 via
1046 2528 1131 2592 ducit,
1144 2528 1173 2581 in
1185 2530 1303 2585 urbemi

469 2606 512 2659 M.
531 2606 555 2657 0
575 2604 684 2673 Lycida,
701 2568 754 2658 nst
772 2604 952 2672 pervenimus,
971 2603 1075 2658 advena
1093 2606 1187 2673 nostri,

471 2680 551 2746 Quod
568 2696 717 2748 numquam
735 2680 814 2733 veriti
833 2697 933 2747 sumus,
950 2683 982 2734 ut
999 2697 1139 2749 possessor
1156 2682 1235 2749 agelli

471 2757 597 2810 Diceret:
616 2756 693 2810 Haec
710 2772 772 2809 moa
789 2760 870 2822 sunt;
887 2765 994 2810 veteres
1012 2757 1128 2825 migrate
1146 2758 1241 2812 coloni.

471 2834 552 2887 Nunc
568 2833 640 2899 victi,
659 2831 761 2899 tristes,
780 2834 906 2901 qnoniam
927 2834 994 2885 Fors
1012 2835 1102 2889 omnia
1119 2838 1218 2903 versat,
1310 2853 1322 2889 5

472 2910 533 2963 Hos
549 2908 695 2976 illi—qnod
712 2925 762 2961 nec
780 2912 870 2961 vertat
887 2909 1126 2964 benc-mittimus
1144 2911 1252 2965 haedos,

470 2984 504 3039 L.
523 2985 605 3039 Certe
625 2984 752 3052 equidem
771 2986 919 3052 audieram
939 3005 993 3055 qna
1011 3004 1041 3041 se
1059 2988 1210 3042 subducere
1228 2987 1310 3041 colles

472 3062 619 3131 Incipiunt,
639 3061 768 3130 mollique
786 3063 879 3130 iugum
899 3063 1046 3117 demittere
1065 3064 1141 3130 clive,

426 3134 430 3138 ’
471 3138 567 3208 Usque
579 3138 615 3191 ad
627 3155 726 3206 aquam
739 3143 768 3193 et
780 3141 887 3206 veteris,
900 3140 954 3192 iam
967 3140 1053 3193 fracta
1064 3142 1210 3208 cacumina,
1221 3142 1297 3207 fagos

472 3214 570 3268 Omnia
588 3214 752 3269 carminibus
770 3221 892 3270 nestrum
911 3234 1032 3271 servasse
1051 3217 1200 3270 Menalcan.
1280 3230 1323 3268 «ιο

376 3351 378 3354 .
471 3291 514 3344 Μ.
534 3292 679 3360 Audieras,
700 3297 729 3346 ct
746 3292 819 3346 fama
836 3293 906 3360 fuit3
924 3295 974 3349 sed
992 3295 1112 3348 carmina
1129 3297 1235 3346 tantum

471 3367 576 3422 Nostra
593 3368 691 3436 valent,
710 3369 819 3438 Lycida,
838 3372 895 3425 tela
911 3373 985 3425 inter
1003 3371 1113 3438 Martia,
1130 3372 1265 3437 quantum

472 3442 608 3499 Chaonias
625 3445 719 3502 dicunt
735 3448 828 3518 aquila
846 3448 976 3507 veniente
995 3446 1151 3503 columnas.

468 3519 547 3582 Quod
560 3522 615 3574 nisi
630 3540 676 3577 mc
694 3542 877 3600 quacumque
894 3545 984 3585 novas
1002 3526 1137 3583 incidere
1149 3523 1229 3577 lites
1380 3593 1381 3598 ἵ

452 3594 532 3646 Ante
547 3596 662 3653 sinistra
680 3618 751 3659 aava
770 3609 942 3667 monuisset
962 3610 1002 3667 ab
1021 3608 1094 3665 ilice
1114 3599 1234 3667 aornim
1365 3594 1381 3630 Χ

443 3665 588 3791 Νεθθΰυιιε
605 3674 655 3732 liic
673 3678 802 3758 Moeris,
820 3707 884 3749 nen
900 3692 1029 3749 viveret
1048 3689 1121 3760 'ipse
1135 3674 1318 3737 manneu-
