3467 4367
689 867 719 917 Ρ.
736 864 893 913 VERGILI
910 862 1077 919 MARONIS

653 1021 1123 1099 AENEIDOS-

721 1207 840 1262 LIBER
864 1206 1051 1273 QUARTUS.

842 1365 945 1397 ..4-

463 1499 507 1549 An
528 1497 624 1561 regina
640 1493 717 1562 gravi
734 1494 895 1550 iamdudum
914 1495 1086 1549 cauciacum

463 1570 566 1623 Volnus
584 1569 633 1622 alit
650 1570 731 1634 venis,
750 1573 780 1623 ct
796 1588 877 1625 caeco
895 1572 1017 1640 carpitur
1035 1568 1097 1635 igni.

461 1647 550 1701 Multa
567 1645 619 1697 riri
636 1645 725 1698 virtus
743 1648 840 1715 animo,
859 1649 1017 1715 multusque
1035 1646 1158 1697 recursat

461 1724 557 1777 (lentis
574 1720 674 1787 houes;
691 1721 806 1777 haerent
823 1725 901 1777 infixi
919 1726 1030 1793 pectore
1048 1720 1137 1774 voltus

460 1796 616 1867 Verbaque,
628 1814 679 1851 nec
690 1797 825 1867 placidam
840 1800 972 1854 membris
987 1800 1036 1851 dat
1046 1814 1110 1850 cura
1121 1796 1250 1864 quictem.
1306 1810 1318 1847 5

461 1873 575 1928 Postera
593 1873 722 1928 Phoebea
739 1873 877 1930 lustrabat
895 1875 1023 1944 lampade
1041 1878 1130 1927 terras

460 1947 685 2019 Humentemque
704 1952 813 2005 Aurora
830 1952 893 2021 pelo
912 1952 1066 2006 dimoverat
1083 1948 1215 2015 umbram,

460 2026 528 2081 cum
546 2026 585 2080 sic
603 2026 760 2100 unanimam
778 2028 937 2097 adloquitur
955 2028 1027 2082 mab
1047 2042 1112 2080 cana
1130 2040 1263 2078 sororem:

459 2103 541 2157 Anna
558 2119 643 2172 soror,
661 2120 733 2172 quae
751 2122 795 2158 me
814 2122 973 2173 nispensam
990 2103 1122 2157 insomnia
1139 2103 1261 2155 terrent!

459 2180 525 2245 Quis
542 2197 627 2233 nouis
645 2179 689 2234 hie
707 2182 808 2235 nostris
828 2182 959 2235 suecessit
978 2179 1091 2234 sedibus
1109 2178 1215 2247 hospes,
1292 2189 1317 2228 1o

459 2256 546 2321 Quem
564 2273 624 2310 sese
643 2273 690 2311 ore
707 2258 806 2326 ferens,
825 2275 908 2328 qnam
927 2258 993 2311 forti
1011 2259 1124 2326 pectore
1141 2258 1169 2309 ct
1187 2252 1285 2307 armis!

459 2332 549 2387 Credo
568 2332 705 2401 equidem,
722 2350 773 2387 nec
791 2351 861 2388 vana
878 2333 955 2401 fides,
973 2350 1059 2401 genus
1077 2349 1138 2387 esse
1156 2332 1278 2385 deorum.

459 2406 616 2475 Degeneres
634 2409 737 2462 animos
754 2410 838 2463 timor
855 2411 954 2478 arguit
994 2410 1066 2476 Heu,
1085 2407 1183 2477 quibus
1201 2406 1246 2459 ille

460 2483 583 2537 lactatus
599 2483 677 2537 fatis!
697 2501 769 2553 quac
786 2485 859 2539 bella
877 2485 1012 2539 exhausta
1030 2484 1159 2541 canebat!

459 2559 571 2614 simini
589 2574 642 2612 non
660 2560 750 2614 animo
767 2561 853 2615 fixum
872 2562 1062 2631 inmotumquc
1080 2560 1201 2623 sederet,
1295 2572 1318 2610 15

460 2636 562 2689 Naeui
582 2652 626 2689 me
643 2634 731 2688 vinclo
749 2637 847 2704 vellem
866 2637 970 2692 sociare
987 2638 1079 2707 iugali,

461 2714 609 2780 Postquam
626 2711 733 2781 primus
751 2729 827 2767 amor
845 2714 990 2783 deceptam
1010 2718 1099 2768 morte
1117 2711 1230 2778 fefellit3

460 2790 489 2843 si
506 2806 559 2843 non
577 2792 734 2857 pertaesum
753 2790 867 2844 thalami
886 2790 1040 2860 taedaeque
1057 2792 1161 2859 fuisset,

462 2866 533 2919 Huic
551 2866 597 2918 uni
615 2866 707 2919 forsan
725 2867 803 2935 potui
822 2867 1000 2921 succumbere
1019 2867 1125 2937 culpae.
1323 2907 1327 2914 .

461 2945 550 3008 Anna,
568 2940 677 2995 fatebor
696 2943 777 3011 cuim,
795 2944 888 2997 miseri
906 2947 969 3013 post
987 2945 1044 2997 fata
1062 2943 1175 3012 Sychaei
1296 2953 1320 2993 2⁰

461 3018 588 3086 Coniugis
606 3021 635 3071 et
653 3034 762 3087 sparsos
779 3020 903 3073 fraterna
921 3020 1005 3074 caede
1024 3020 1144 3085 Penatis,

460 3094 540 3150 Solus
557 3093 602 3147 hie
619 3094 725 3148 inflexit
745 3112 848 3163 sensus,
867 3096 1045 3165 animumque
1063 3095 1202 3149 labantem

402 3183 404 3190 '
460 3169 573 3242 Inpulit.
607 3171 754 3239 Adgnosco
773 3174 875 3226 veteris
893 3174 1007 3241 vestigia
1024 3173 1156 3227 flammae.

461 3239 517 3301 Sed
533 3247 601 3301 mihi
619 3248 662 3301 vel
680 3248 763 3302 tellus
782 3252 875 3317 optem
894 3250 969 3318 prius
986 3250 1042 3303 ima
1059 3249 1189 3315 dehiscat,

461 3323 514 3378 Vel
527 3323 611 3378 Pater
624 3324 795 3392 omnipotens
807 3326 903 3393 adigat
914 3343 959 3381 me
976 3326 1089 3381 fulmine
1100 3324 1137 3378 ad
1147 3322 1266 3385 umbras,
1296 3335 1320 3375 ra

451 3399 590 3454 Pallantis
610 3400 722 3455 umbras
742 3402 827 3458 Erebi
844 3405 1010 3473 noctemque
1026 3402 1199 3471 probandam,

437 3473 527 3539 Ante,
550 3476 657 3546 Pudor,
677 3496 764 3549 quam
784 3483 816 3535 te
832 3479 916 3548 violo,
933 3483 985 3534 aut
998 3482 1052 3534 tua
1064 3480 1130 3532 iura
1141 3477 1255 3529 resciso.

421 3541 484 3600 Illo
499 3564 592 3620 meos,
614 3557 733 3625 prinrus
751 3560 805 3630 qui
823 3576 873 3615 me
893 3558 949 3615 sibl
964 3556 1072 3623 iunxit,
1085 3568 1196 3608 amores

407 3617 576 3699 Amuli&
596 3632 651 3692 illc
671 3635 791 3696 habeat
813 3654 918 3695 seeum
935 3637 1097 3702 essetque
1113 3623 1275 3694 &hilm
