3467 4367
691 613 878 665 AENEIDOS
894 612 966 663 LIB.
983 611 1035 663 XI.
1247 613 1293 663 soi

442 697 470 752 N
471 713 506 751 on
523 696 577 752 erit
593 696 694 751 auxilio
710 694 789 750 nobis
809 695 926 752 Aetolus
943 697 973 749 et
992 692 1074 762 Arpi:

442 774 485 830 st
502 772 646 840 Messapus
663 771 725 839 erit,
741 770 863 839 felixque
881 769 1047 835 Tolumnius,
1065 769 1095 822 et
1113 784 1182 837 quos

442 841 495 903 Tot
511 848 604 917 populi
621 846 720 901 misere
738 844 835 910 duces;
853 862 904 910 neo
921 860 1007 915 parva
1023 847 1154 911 sequetur
1259 854 1296 896 eo

442 924 535 978 Gloria
552 922 672 976 delectos
690 921 770 975 Latio
787 924 816 975 et
835 919 1019 975 Laurentibus
1037 918 1119 987 agris.

442 998 493 1053 list
510 1001 539 1052 et
557 997 718 1052 Volscorum
735 996 847 1065 egregia
864 995 900 1050 de
918 998 1003 1064 gente
1021 994 1144 1063 Camilla,

443 1077 551 1143 Agmen
568 1089 653 1143 agens
669 1073 792 1143 equitum
810 1075 840 1126 et
856 1071 978 1126 florentis
996 1088 1060 1126 aere
1076 1074 1207 1126 catervas.

442 1150 522 1215 Quod
539 1149 562 1204 si
580 1166 625 1204 me
641 1149 728 1203 solum
745 1148 843 1201 Teucri
860 1147 888 1200 in
906 1147 1056 1201 certamina
1072 1150 1196 1215 poscunt,

442 1227 531 1297 quue
549 1226 645 1297 placet,
662 1229 826 1293 tantumque
843 1222 922 1278 bonis
940 1222 1129 1277 communibus
1146 1223 1232 1289 obsto,
1257 1236 1293 1276 sss

441 1302 467 1355 N
469 1320 504 1355 on
521 1303 591 1357 adeo
607 1303 656 1357 has
674 1317 756 1355 exosa
773 1316 870 1353 manus
888 1297 1012 1352 Victoria
1029 1298 1107 1367 fugit,

441 1378 481 1431 Ut
499 1382 578 1432 tanta
595 1378 740 1447 quicquam
758 1393 808 1445 pro
827 1391 876 1444 spe
893 1377 1031 1443 temptare
1048 1390 1180 1428 recusem.

442 1452 493 1505 lbo
511 1453 607 1505 animis
624 1456 726 1520 contra,
744 1452 788 1506 vel
804 1466 934 1518 magnum
953 1452 1077 1517 praestet
1095 1448 1223 1503 Achillen

441 1527 581 1595 Factaque
598 1527 712 1581 Volcani
729 1526 854 1581 manibus
871 1526 949 1596 paria
965 1525 1062 1578 induat
1078 1539 1156 1577 arma

441 1602 494 1655 llle
511 1600 585 1656 licet.
620 1603 706 1658 Vobis
724 1602 841 1658 animam
858 1602 928 1655 hanc
947 1617 1094 1670 soceroque
1114 1598 1213 1654 Latino
1257 1613 1293 1653 sec

440 1676 548 1731 Turnus
566 1694 625 1748 ego,
641 1679 715 1734 haud
732 1679 780 1733 ulli
799 1681 923 1733 veterum
941 1678 1044 1731 virtute
1062 1675 1206 1745 secundus,

425 1753 550 1828 beravi.
586 1754 698 1808 “Solum
717 1756 833 1810 Aeneas.
843 1754 944 1809 vocat.‘’
980 1754 1017 1808 lit
1035 1756 1114 1808 vocet
1131 1766 1195 1817 oro;

439 1829 467 1884 N
468 1846 499 1884 ec
518 1829 639 1885 Drances
656 1831 754 1901 potius
772 1831 830 1887 sive
848 1833 892 1884 est
909 1830 977 1885 haec
993 1830 1035 1884 ira
1052 1830 1176 1897 deorum,

439 1904 532 1960 Morte
548 1906 614 1975 luat,
632 1908 690 1962 sive
707 1911 752 1962 est
768 1908 857 1962 virtus
875 1910 904 1962 ct
921 1906 1017 1975 gloria,
1035 1906 1123 1961 tollat.

474 1982 520 2036 Illi
538 1982 606 2037 haec
622 1983 695 2037 inter
712 2002 742 2039 se
760 1983 852 2038 dubiis
870 1982 1006 2037 derebus
1023 1982 1143 2050 agebant
1256 1992 1294 2033 sss

439 2059 600 2115 Certantes:
624 2062 715 2113 castra
733 2063 843 2113 Aeneas
860 2060 1001 2127 aciemque
1018 2058 1151 2113 movebat

438 2133 560 2189 Nuntius
576 2135 682 2203 ingenti
698 2151 749 2203 per
766 2134 843 2202 regia
859 2136 934 2187 tecta
950 2134 1072 2188 tumultu

401 2227 404 2232 ·
438 2208 509 2263 lleee
526 2211 590 2277 nuit,
608 2212 766 2280 magnisque
783 2207 881 2263 urbem
899 2208 1051 2264 terroribus
1068 2210 1165 2278 inplet:

439 2284 593 2342 Instructos
610 2288 669 2342 acie
687 2287 813 2340 'liberino
830 2303 847 2340 a
864 2285 976 2341 flumine
993 2286 1112 2340 Teucros

438 2360 660 2433 Tyrrhenamque
678 2379 795 2416 manum.
805 2362 873 2417 totis
891 2361 1059 2417 descendere
1075 2361 1185 2431 campis.
1255 2356 1301 2416 sso'

421 2474 423 2477 ψ
439 2437 584 2509 Extemplo
602 2439 707 2494 turbati
724 2438 808 2492 animi
825 2455 1010 2507 concussoque
1028 2438 1099 2505 volgi

439 2512 561 2582 Pectora,
579 2519 608 2570 et
625 2518 750 2569 arrectae
768 2514 887 2568 stimulis
904 2513 978 2567 haud
997 2513 1124 2567 mollibus
1141 2512 1206 2567 irae.

438 2591 526 2643 Arma
542 2608 624 2644 manu
642 2591 743 2660 trepidi
762 2594 893 2661 poscunt;
911 2589 1005 2645 fremit
1022 2606 1098 2644 arma
1114 2590 1250 2660 inventus,

438 2664 519 2718 Fient
535 2666 634 2720 maesti
650 2670 829 2735 mussantque
844 2670 945 2735 patres
983 2666 1037 2720 Hic
1052 2666 1174 2736 undique
1187 2665 1289 2720 clamor
1331 2689 1334 2695 ·

435 2740 573 2794 Dissensu
590 2742 664 2793 vario
681 2758 796 2809 magnus
814 2759 843 2795 se
860 2742 935 2796 tollit
952 2742 989 2797 ad
1007 2758 1100 2796 auras:
1252 2756 1289 2797 sss

440 2814 525 2868 Haud
543 2832 620 2869 secus
638 2820 722 2885 atque
742 2817 798 2871 alto
816 2818 844 2871 iu
863 2818 923 2872 luco
942 2833 1004 2871 cum
1021 2817 1093 2871 forte
1109 2820 1236 2874 catervas

440 2888 596 2944 Consedere
613 2891 712 2958 avium,
731 2892 871 2961 piscosove
889 2909 968 2946 amne
987 2891 1113 2946 Padusae

437 2965 510 3020 Dant
528 2966 646 3021 sonitum
663 2968 739 3020 rauci
756 2984 807 3036 per
824 2971 921 3036 stagna
938 2967 1061 3037 loquacia
1078 2966 1159 3035 cycni

436 3041 532 3112 Immo,
549 3044 596 3113 ait,
613 3060 630 3097 o
647 3043 857 3113 eives‚‘arrepto
875 3047 999 3113 tempore
1017 3044 1131 3112 Turnus,

436 3118 533 3187 (legite
550 3120 700 3189 concilium,
719 3124 749 3176 et
765 3136 860 3190 pacem
877 3120 989 3175 laudate
1007 3120 1148 3175 sedentes:
1254 3134 1290 3176 seo

437 3192 483 3247 Illi
500 3197 582 3250 armis
599 3198 627 3250 in
644 3214 731 3266 regna
748 3199 838 3250 ruant.
876 3197 903 3250 N
905 3213 936 3251 ec
953 3196 1031 3265 plura
1048 3194 1154 3249 locutus

436 3268 576 3338 Corripuit
593 3290 653 3328 sese
671 3277 701 3327 et
718 3274 799 3329 tectis
817 3273 890 3327 citus
908 3272 1007 3327 extulit
1025 3271 1095 3326 altis
1110 3276 1112 3280 '

436 3342 483 3412 Tu,
502 3344 611 3415 voluso,
628 3350 730 3405 armari
748 3349 909 3403 Volscorum
927 3348 1005 3403 edice
1022 3344 1163 3416 maniplis:

436 3420 503 3489 Duc,
520 3421 567 3489 sit,
584 3427 613 3477 et
630 3424 756 3481 Rutulos
791 3426 927 3497 Equitem,
946 3424 1097 3496 Messapus,
1115 3426 1144 3480 in
1160 3423 1252 3493 mis,

435 3496 473 3551 llt
490 3513 551 3551 cum
569 3500 655 3553 fratre
673 3502 766 3567 (iores,
783 3502 849 3557 latis
866 3501 1019 3559 diffundite
1037 3502 1157 3570 campis·
1266 3509 1308 3543 *ἢ

429 3570 500 3625 Pars
515 3572 610 3629 aditus
627 3576 707 3634 urbis
724 3578 831 3649 firmet,
848 3581 1002 3653 turrisque
1018 3576 1175 3647 capesset»

421 3644 530 3718 0⁰1⁶&
549 3666 608 3719 ‘1¹¹2
623 3653 711 3727 iusso,
730 3672 852 3717 mecum
866 3676 981 3717 manus
997 3656 1115 3711 inierat
1130 3657 1231 3700 affin
