3467 4367
469 628 514 673 334
706 626 736 675 P.
755 625 906 674 VERGILI
923 626 1087 675 MARONIS

470 705 525 759 Olli
543 704 683 773 sublimes,
701 705 785 757 armis
801 704 954 773 animisque
972 703 1076 772 refecti,

470 781 525 835 Hic
542 780 634 849 gladio
652 780 748 845 fidens,
766 779 809 832 hic
827 796 891 833 acer
909 784 938 835 et
956 780 1059 834 arduus
1076 779 1172 854 hmta„

470 857 619 911 Adsistunt
636 860 732 910 contra
748 856 897 910 certamine
916 856 1015 909 Martis
1032 855 1130 909 anheli.
1289 874 1325 917 m

505 933 638 986 Iunonem
657 931 762 984 interea
782 932 843 985 Rex
860 931 1056 1001 omnipotentis
1075 931 1184 1001 Olympi

470 1008 648 1077 Adloquitur,
665 1007 739 1061 fulva
755 1024 862 1075 pugnas
881 1007 917 1061 de
934 1008 1008 1061 nube
1026 1010 1166 1072 tuentem

469 1084 545 1148 Quae
562 1084 617 1137 iam
634 1083 696 1137 finis
715 1084 776 1150 erit,
794 1083 929 1137 coniunxi
948 1082 1015 1151 quid
1034 1083 1152 1150 denique
1169 1088 1277 1141 restat?

469 1160 624 1228 indigetem
643 1159 758 1213 Aenean
776 1159 829 1213 scis
846 1160 913 1227 ipsa,
932 1162 963 1212 et
980 1158 1051 1212 scire
1068 1158 1172 1227 fateris,

468 1234 571 1290 Deberi
589 1235 670 1302 caelo,
689 1236 809 1304 fatisque
826 1234 863 1289 ad
881 1235 972 1289 sidera
989 1233 1056 1289 tolli.
1286 1251 1322 1293 see

468 1311 542 1375 Quid
560 1312 661 1365 struis?
681 1314 728 1365 aut
746 1328 801 1380 qua
818 1328 868 1380 spe
885 1310 984 1379 gelidis
1001 1310 1030 1363 in
1046 1309 1166 1363 nubibus
1182 1310 1295 1368 haeresi

467 1385 604 1440 Mortalin'
623 1387 717 1441 decuit
735 1388 831 1441 violari
850 1388 961 1441 volnere
979 1386 1092 1440 divuml
1110 1387 1117 1410 ²

467 1461 527 1516 Aut
545 1464 741 1531 ensem-quid
758 1464 831 1516 euim
849 1463 955 1516 sinete
974 1462 1091 1516 Iuturna
1107 1461 1264 1519 valereti—

466 1536 600 1604 Ereptum
619 1538 698 1591 reddi
717 1539 815 1604 Turno,
828 1542 857 1592 ct
875 1539 930 1592 vim
948 1553 1070 1592 erescere
1086 1536 1185 1601 victisl

466 1611 568 1666 Desine
580 1614 634 1666 iam
646 1612 766 1682 tandem,
778 1614 962 1682 precibusque
973 1613 1113 1668 inflectere
1125 1615 1243 1680 nostris;
1283 1632 1320 1674 eoo

465 1686 492 1739 N
494 1704 524 1741 ec
542 1694 571 1743 te
588 1693 683 1744 tantus
701 1691 766 1745 edat
784 1691 897 1744 tacitam
915 1689 1001 1755 dolor,
1019 1686 1132 1743 etmihi
1150 1704 1233 1745 curae

466 1762 551 1830 Saepe
569 1767 617 1817 tuo
634 1765 706 1817 dulci
723 1766 819 1819 tristes
836 1782 872 1819 ex
889 1781 937 1818 ore
952 1770 1099 1818 recursoizt

465 1838 586 1891 Ventum
606 1840 642 1892 ad
659 1856 815 1908 supremum
832 1844 884 1893 est
921 1839 1013 1893 Terris
1031 1840 1136 1907 agitare
1155 1842 1199 1897 vel
1219 1844 1300 1899 undis

465 1913 595 1968 Troianos
613 1915 735 1984 potuisti,
755 1915 899 1969 infandum
917 1916 1067 1971 accendere
1086 1916 1196 1985 bellum,

464 1989 624 2045 Deformare
636 1991 754 2058 domum,
767 1995 797 2046 et
808 1992 884 2046 luctu
897 1992 1012 2046 miscere
1023 1991 1200 2059 hymenaeos:
1281 2006 1318 2056 soe

464 2065 589 2119 Ulterius
608 2069 746 2136 temptare
765 2071 835 2123 veto.
880 2068 924 2122 sic
945 2067 1073 2136 Iuppiter
1091 2083 1184 2134 orsus;

464 2139 508 2194 Sic
528 2142 580 2195 dea
601 2143 734 2197 submisso
753 2147 849 2198 contra
868 2143 997 2198 Saturnia
1016 2143 1105 2197 voltu:
1153 2155 1158 2163 “

464 2215 523 2269 Ista
540 2219 651 2286 quidem
673 2220 738 2288 quia
754 2224 820 2274 nota
837 2219 906 2273 mibi
922 2223 978 2286 tua,
1000 2235 1106 2287 magne,
1125 2220 1260 2290 voluntas,

464 2291 597 2362 Iuppiter,
616 2298 646 2349 et
665 2296 786 2348 Turnum
806 2299 835 2349 et
855 2300 946 2350 terras
962 2294 1049 2350 invita
1065 2294 1178 2363 reliqui;

463 2367 522 2422 Noc
538 2372 570 2424 tu
591 2387 635 2424 me
652 2372 727 2425 aeria
745 2372 829 2425 solam
849 2388 921 2425 nunc
942 2372 1008 2425 sede
1027 2370 1134 2425 videres
1279 2390 1316 2428 s1o

463 2443 553 2512 Digna
571 2446 683 2514 indigna
702 2447 768 2516 pati,
791 2448 840 2501 sed
860 2447 976 2500 flammis
995 2448 1083 2501 cincta
1104 2446 1155 2501 sub
1175 2446 1236 2516 ipsa

463 2518 570 2573 Starem
592 2523 649 2575 acie
670 2523 863 2591 traheremque
881 2522 990 2576 inimica
1007 2523 1036 2575 in
1054 2522 1158 2591 proelia
1177 2523 1302 2579 Teucros.

463 2594 606 2649 Iuturnam
625 2598 731 2665 misero,
752 2599 849 2666 fateor,
870 2615 1028 2653 succurrere
1047 2597 1126 2652 fratri

462 2670 547 2738 Suasi,
569 2675 597 2725 et
618 2689 667 2740 pro
686 2674 743 2726 vita
759 2675 863 2728 maiora
880 2675 983 2730 audere
1001 2673 1113 2742 probavi
1123 2695 1130 2740 ;

461 2745 487 2799 N
489 2762 523 2799 on
541 2749 573 2799 ut
591 2748 646 2802 tela
664 2752 764 2815 tamen,
782 2766 835 2803 non
852 2754 885 2804 ut
903 2750 1083 2805 contenderet
1099 2765 1208 2815 arcum;
1277 2766 1314 2805 sis

463 2822 569 2876 Adiuro
587 2823 674 2892 Stygii
692 2829 775 2894 caput
792 2826 952 2895 inplacabile
970 2826 1058 2892 fontis,

460 2898 522 2951 Una
540 2901 700 2968 superstitio
719 2902 825 2970 superis
844 2919 915 2970 quae
933 2902 1044 2956 reddita
1062 2901 1142 2957 divis.

462 2974 497 3026 [lt
515 2991 586 3028 nune
604 2976 671 3029 cedo
689 2977 825 3044 equidem,
844 2994 1004 3045 pugnasque
1021 2994 1105 3031 exosa
1121 2976 1255 3045 relinquo.

462 3050 536 3103 illud
552 3054 589 3117 te,
607 3051 681 3105 nulla
698 3052 749 3106 fati
767 3052 842 3121 quod
859 3054 920 3121 lcge
939 3056 1055 3119 tenetur,

462 3125 515 3178 Pro
533 3125 613 3179 Latio
631 3128 762 3195 obtestor,
781 3146 831 3196 pro
848 3130 993 3183 maiestate
1011 3132 1134 3183 tuorum:
1274 3144 1312 3184 sao

461 3200 530 3254 (lum
547 3202 601 3254 iam
620 3204 760 3257 connubiis
776 3221 872 3271 pacem
889 3204 1021 3271 felicibus,
1039 3206 1107 3271 esto,

460 3275 628 3345 Conponent,
647 3296 709 3332 cum
727 3280 781 3332 iam
800 3280 876 3348 leges
894 3283 923 3334 et
939 3280 1051 3333 foedera
1068 3280 1191 3348 iungent,

460 3352 487 3405 N
489 3369 505 3406 e
522 3356 603 3407 vetus
621 3356 764 3423 indigenas
781 3367 880 3409 nomen
897 3360 1005 3409 mutare
1023 3355 1144 3423 Latium,

455 3428 519 3483 Neu
540 3430 624 3485 Troas
643 3432 702 3485 fieri
720 3432 814 3484 iubeas
833 3432 1004 3501 Teucrosque
1022 3432 1119 3499 vocari,

439 3504 507 3561 Aut
526 3524 620 3565 rocem
641 3513 753 3565 mutare
772 3508 854 3575 viros,
871 3511 922 3562 aut
937 3511 1173 3562 uertereuestem.
1273 3524 1310 3564 aas

422 3576 475 3636 Sit
490 3585 621 3662 Latium,
644 3591 704 3648 sint
726 3588 839 3646 Albani
854 3603 913 3659 per
931 3584 1044 3639 saecula
1058 3596 1151 3644 reges,

410 3652 460 3697 ⁰³*
477 3662 622 3728 Ronlana
642 3677 757 3746 potens
780 3667 863 3724 Itala
883 3664 1000 3718 virtute
1013 3666 1159 3725 immi*
