3467 4367
448 624 494 672 216
675 620 706 670 P.
723 617 878 667 VERGILI
895 616 1062 667 MARONIS
1211 666 1214 671 .

449 702 554 769 Ilvolat,
571 705 601 756 et
617 703 710 754 natam
727 698 863 754 frondens
881 696 1018 753 montibus
1035 698 1121 768 abdit,

450 778 510 842 Quo
527 777 677 832 thalamum
695 776 794 844 eripiat
811 774 923 827 Teucris
940 774 1092 844 taedasque
1110 778 1242 847 moretur,

450 854 526 907 Enoc
544 852 657 920 Bacche,
676 853 802 918 fremens,
820 850 908 904 solum
926 854 956 905 te
975 852 1081 919 virgine
1099 852 1212 920 dignum

451 930 622 983 vociferans:
641 929 742 981 etenim
760 927 849 981 mollis
867 926 920 980 tibi
938 944 1045 981 sumere
1065 928 1179 997 thyrsos,
1267 944 1308 984 ean

451 1006 490 1059 Te
507 1005 624 1059 lustrare
642 1005 731 1071 choro,
748 1020 856 1057 sarnum
873 1003 925 1057 tibi
942 1020 1053 1073 pascere
1071 1004 1179 1058 crinem.

452 1082 537 1135 Fama
554 1082 634 1147 volat,
652 1081 786 1150 furiisque
804 1096 929 1134 accensas
946 1084 1059 1147 pectore
1075 1084 1177 1134 matres

453 1158 533 1226 Idem
551 1157 638 1210 omnis
656 1156 735 1210 simul
753 1157 835 1210 ardor
852 1158 917 1225 agit,
934 1173 1003 1210 nova
1021 1172 1153 1225 quaerere
1169 1158 1252 1211 tecta

452 1231 606 1288 Deseruere
624 1233 728 1300 domos,
746 1234 835 1286 ventis
855 1233 923 1286 dant
941 1232 1009 1287 colla
1026 1248 1186 1301 comasque3

453 1311 508 1364 Ast
525 1310 594 1363 aliae
611 1310 735 1363 tremulis
753 1309 902 1362 ululatibus
919 1309 1033 1363 aethera
1050 1309 1183 1378 conplent,
1270 1324 1309 1364 aee

454 1385 671 1455 Pampineaaque
688 1389 788 1455 gerunt
805 1386 939 1439 incinctae
956 1384 1072 1454 pellibus
1089 1385 1190 1439 hastan

455 1462 519 1529 Ipsa
535 1462 608 1516 inter
624 1462 728 1517 medias
746 1463 906 1530 flagrantem
924 1461 1029 1515 fervida
1045 1461 1140 1530 pinum

454 1537 584 1605 Sustinet,
603 1555 634 1591 ac
652 1542 732 1591 natac
750 1537 888 1606 Turnique
905 1537 978 1591 canit
995 1537 1165 1606 hymenaeos,

454 1614 635 1682 Sanguineam
653 1618 783 1682 torquens
801 1614 895 1681 aciem,
914 1617 1077 1682 torvumque
1094 1615 1210 1681 repente

454 1690 575 1743 Clamat:
594 1690 625 1742 Io
643 1692 752 1756 matres,
771 1689 873 1756 audite,
891 1689 938 1743 ubi
957 1705 1089 1758 quaeque,
1108 1689 1236 1743 Latinae:
1272 1702 1312 1742 cao

454 1765 483 1819 Si
501 1782 555 1833 qua
572 1765 624 1833 piis
641 1765 738 1817 animis
756 1768 848 1818 manet
865 1765 981 1818 infelicis
1000 1768 1118 1819 Amatae

454 1841 557 1907 Gratia,
576 1840 599 1892 si
617 1840 683 1893 iuris
702 1841 819 1893 materni
838 1857 903 1895 cura
921 1841 1067 1910 remordet,

455 1914 557 1969 Solvite
575 1915 683 1969 crinalis
701 1916 792 1984 vittas,
811 1918 901 1985 capite
920 1918 996 1985 orgia
1012 1934 1125 1971 mecum.

455 1990 548 2045 Talem
565 1992 638 2045 inter
655 1991 743 2060 silvas,
761 1992 833 2046 inter
852 1993 963 2047 deserta
981 1993 1106 2056 ferarum,

456 2067 590 2136 Reginam
609 2068 719 2123 Allecto
737 2068 855 2122 stimulis
874 2070 932 2137 agit
951 2069 1072 2137 undique
1090 2069 1198 2123 Bacchi
1275 2084 1312 2123 acc

491 2144 640 2213 Postquam
658 2145 716 2197 visa
734 2146 800 2198 satis
818 2146 921 2214 primos
941 2144 1049 2198 acuisse·
1062 2145 1176 2213 furores,

456 2221 658 2289 Consiliumque
675 2237 836 2290 omnemque
855 2221 967 2274 domum
985 2221 1099 2274 vertisse
1118 2220 1217 2288 Latini,

456 2297 584 2350 Protinus
602 2297 664 2351 hine
682 2297 765 2350 fuscis
783 2297 871 2351 tristis
889 2298 942 2351 dea
960 2297 1067 2350 tollitur
1084 2296 1135 2350 alis

457 2373 578 2427 Audacia
597 2373 693 2426 Rutuli
711 2374 748 2426 ad
765 2390 864 2442 muros,
884 2390 965 2442 quarn
984 2373 1084 2427 dicitur
1101 2372 1198 2427 urbem
1300 2383 1308 2400 ⁸

458 2449 623 2503 Acrisioneis
642 2449 736 2502 Danae
753 2449 882 2503 fundasse
901 2449 1031 2515 colonis,¹
1277 2462 1314 2503 410

457 2524 603 2592 Praecipiti
621 2522 713 2577 delata
731 2525 756 2577 N
758 2528 812 2578 oto.
849 2525 938 2579 Locus
956 2525 1051 2579 Ardea
1069 2525 1205 2593 quondam

457 2601 553 2654 Dictus
570 2599 643 2663 avis3
660 2603 690 2652 ct
707 2616 778 2653 nune
796 2618 924 2668 magnum
942 2605 1020 2656 tenet
1038 2600 1133 2656 Ardea
1150 2618 1265 2669 nomem

457 2676 513 2731 Sed
531 2676 654 2728 Fortuna
671 2675 731 2729 fuit.
767 2676 857 2731 Tectis
875 2676 919 2730 hic
937 2676 1044 2731 Turnus
1061 2677 1088 2729 in
1107 2678 1170 2732 altis

458 2753 518 2806 Iam
535 2750 652 2807 mediam
670 2752 749 2820 nigra
766 2752 896 2822 carpebat
913 2756 993 2807 nocte
1011 2755 1140 2822 quietem.

458 2829 567 2883 Allecto
586 2831 690 2882 torvam
707 2829 803 2882 facicm
822 2833 850 2883 et
866 2829 974 2882 furialia
991 2828 1114 2883 membra
1280 2847 1316 2885 ns
1336 2827 1342 2838 “

458 2906 557 2970 Exuit;
574 2904 602 2957 in
620 2904 710 2959 voltus
729 2923 788 2959 sese
807 2906 985 2960 transformat
1003 2906 1082 2959 anilis

459 2982 496 3035 Et
513 2981 632 3034 frontem
650 2980 794 3035 obscenam
813 2982 889 3051 mgis
909 2985 985 3048 arat;
1002 2982 1092 3037 induit
1109 2984 1186 3038 albos

459 3057 528 3110 Cum
546 3057 616 3110 vitta
633 3058 728 3123 crinis;
746 3063 806 3113 tum
826 3076 932 3112 ramum
950 3058 1065 3112 innectit
1083 3060 1183 3125 olivae3

460 3132 506 3186 Fit
523 3132 623 3201 Galybe
643 3134 753 3187 lunonis
771 3152 839 3188 anus
857 3136 1008 3205 templique
1029 3136 1169 3190 sacerdos:

415 3246 417 3249 -
460 3208 497 3262 Et
513 3209 604 3262 iuveni
621 3214 685 3263 ante
703 3211 795 3264 oeulos
812 3212 854 3263 his
873 3228 902 3264 se
921 3228 982 3264 eum
999 3210 1111 3264 vocibus
1129 3212 1222 3266 offert:
1280 3226 1317 3261 aar

460 3284 557 3351 Turne,
575 3287 618 3338 tot
635 3285 769 3340 incassum
787 3287 862 3340 fusos
880 3289 986 3355 patiere
1005 3287 1120 3358 labores,

461 3360 499 3414 Et
516 3363 565 3414 tua
583 3360 729 3415 Dardaniis
746 3362 892 3416 transcribi
911 3367 1019 3433 sceptra
1037 3364 1154 3419 colonial
1180 3386 1183 3392 ·

457 3435 521 3490 lter
539 3435 591 3490 tibi
610 3438 762 3507 coniugium
780 3442 809 3493 et
827 3440 965 3509 quaesitas
983 3441 1113 3507 sanguine
1131 3439 1212 3495 dotes

444 3513 590 3583 Abnegat,
611 3518 804 3589 externusque
822 3517 852 3573 in
869 3533 990 3587 regnum
1008 3516 1149 3586 quaeritur
1160 3516 1257 3568 *neree

429 3586 453 3639 Ῑ
467 3606 551 3658 Μῡίό
570 3593 697 3666 ingratis
717 3599 790 3655 offer
810 3601 850 3670 te,
870 3596 970 3662 inriae,
986 3591 1147 3675 periclis-,⁸
1304 3598 1343 3634 Ψ

419 3660 596 3746 ΤῙΙΤὸοηεε,
617 3678 639 3750 i,
657 3682 764 3738 sterne
785 3679 885 3747 acies3
904 3680 976 3746 tege
993 3685 1069 3741 paee
1083 3666 1216 3719 narrum.
