3467 4367
408 602 454 647 130
641 597 670 645 P.
690 595 843 644 VERGILI
861 595 1028 644 MARONIS

407 678 534 733 Tendunt
552 677 613 731 vela
631 677 713 742 Noti3
731 677 850 744 fugimus
869 677 1060 747 spumantibus
1077 678 1170 745 undis,

408 754 468 818 Qua
485 771 594 808 cursum
611 757 764 822 ventusque
781 754 1003 823 gubernatorque
1019 753 1145 809 vocabat

409 831 468 883 Iam
487 831 577 884 medio
595 830 710 898 adparet
729 830 815 883 ductu
833 846 978 884 nemorosa
995 830 1150 900 Zacynthos

409 906 619 975 Dulichiumque
638 907 775 974 Sameque
793 909 822 960 et
840 906 952 960 Neritos
969 906 1057 961 ardua
1073 907 1157 961 saxis

408 983 561 1051 Effugimus
580 983 703 1050 scopulos
722 982 842 1049 Ithacae,
862 982 974 1037 Laertia
991 999 1085 1052 regna,

409 1059 446 1113 Et
463 1063 566 1112 terram
585 1059 709 1112 altricem
728 1059 801 1113 saevi
819 1076 994 1113 exsecramur
1012 1059 1096 1114 Ulixi.

409 1135 475 1188 Mox
492 1139 522 1188 et
540 1134 678 1188 Leucatae
698 1135 822 1188 nimbosa
839 1136 980 1189 cacumina
997 1136 1099 1190 montis

408 1210 445 1265 Et
462 1210 624 1264 forrnidatus
642 1212 732 1264 nautis
749 1212 874 1280 aperitur
893 1211 1001 1280 Apollo.

409 1287 491 1340 Hunc
508 1288 627 1355 petimus
646 1287 711 1341 fessi
728 1291 758 1342 ct
775 1304 876 1357 parvae
894 1286 1065 1341 succedimus
1081 1288 1163 1352 urbi3

409 1365 520 1417 Ancora
537 1364 573 1417 de
591 1382 672 1433 prora
689 1366 796 1432 iacitur,
815 1367 892 1419 stant
908 1364 990 1417 litore
1007 1381 1121 1434 puppes.

444 1441 518 1508 Ergo
536 1441 676 1508 insperata
694 1442 806 1495 tandem
824 1440 925 1494 tellure
941 1441 1025 1510 petiti

409 1516 626 1584 Lustramnrque
645 1516 704 1570 lovi
722 1518 848 1585 votisque
866 1516 1037 1571 incendimus
1054 1531 1124 1586 ares,

409 1592 546 1661 Actiaque
566 1592 656 1644 iliacis
674 1592 844 1646 celebramus
861 1593 945 1646 litora
961 1592 1042 1647 ludis.

409 1668 545 1722 Exercent
563 1669 666 1736 patrias
684 1669 743 1722 oleo
760 1667 871 1722 labente
889 1668 1042 1737 palaestras

408 1742 435 1796 N
437 1743 514 1797 udati
533 1744 613 1807 socii;
631 1744 707 1797 iuvat
725 1744 843 1797 evasisse
860 1746 904 1798 tot
921 1743 1005 1797 urbes

409 1819 551 1887 Argolicas
570 1819 727 1887 mediosque
745 1819 838 1887 fugam
857 1820 979 1873 tenuisse
996 1834 1047 1889 per
1064 1820 1161 1874 hostis.

409 1896 521 1948 Interea
538 1912 665 1963 magnum
684 1897 723 1949 sol
742 1894 962 1950 circumvolvitur
979 1911 1089 1962 annum,

409 1971 445 2025 Ilt
462 1971 584 2040 glacialis
601 1972 708 2042 hiemps
727 1972 902 2041 aquilonibus
919 1973 1029 2041 asperat
1046 1971 1143 2027 undas.

410 2050 484 2102 Aere
501 2065 567 2102 cavo
585 2049 709 2117 clipeum,
729 2050 819 2117 magni
837 2053 979 2117 gestamen
998 2048 1129 2118 Abantis,
1192 2060 1195 2064 ’

411 2125 538 2182 Postibus
556 2126 680 2180 adversis
697 2125 759 2194 figo,
778 2129 806 2179 et
824 2142 883 2179 rem
901 2125 1022 2179 carmine
1040 2125 1130 2194 signo:

411 2204 526 2258 Ananis
545 2218 622 2257 nane
641 2218 678 2256 nn
697 2218 802 2257 nissrs
819 2217 984 2255 mereamus
1003 2215 1091 2254 anna

409 2278 546 2348 Linquere
564 2283 624 2333 tum
642 2284 738 2349 portus
756 2279 836 2333 iubeo
854 2283 884 2333 et
902 2279 1043 2333 considere
1060 2278 1200 2334 transtris

410 2355 543 2410 Certatim
562 2357 626 2409 socii
645 2356 746 2409 feriunt
764 2372 839 2409 mare
858 2358 888 2409 et
905 2371 1024 2423 aequora
1042 2361 1163 2409 verinirt.
1229 2371 1268 2410 aaa

409 2430 538 2486 Protinus
557 2433 643 2485 aerias
663 2432 814 2485 Phaeacum
833 2431 1026 2486 abscondimus
1043 2447 1128 2500 arces,

409 2508 557 2577 Litoraque
577 2508 653 2576 Epiri
671 2509 787 2575 legimus
805 2512 943 2577 portuque
961 2507 1083 2562 subimus

410 2584 529 2638 Chaonio
547 2587 577 2638 et
593 2585 692 2638 celsam
712 2584 842 2638 Buthroti
859 2584 1013 2638 accedimus
1030 2584 1136 2638 urbem

445 2660 497 2714 llic
514 2660 681 2714 incredibilis
700 2676 792 2712 rerum
810 2661 883 2713 sama
901 2664 1016 2730 occupat
1032 2661 1107 2714 auris

411 2737 565 2790 Priamiden
586 2736 723 2790 llelenum
742 2736 838 2790 Graias
857 2754 974 2805 regnare
991 2753 1041 2806 per
1058 2737 1150 2806 urbes,
1228 2753 1268 2794 ns

409 2813 541 2881 Coniugio
562 2813 697 2867 Aeacidae
717 2812 815 2882 Pyrrhi
834 2813 1004 2882 sceptrisque
1020 2814 1147 2883 potitum,

410 2891 447 2943 Et
463 2891 553 2959 patrio
572 2889 783 2944 Andromachen
800 2890 901 2944 iterum
920 2890 1034 2944 cessisse
1051 2891 1157 2946 marito.

409 2966 545 3036 Obstipui,
563 2967 686 3035 miroque
704 2967 842 3019 incensum
860 2969 956 3035 pectus
974 2983 1072 3035 amore,

409 3043 580 3111 Compellare
598 3042 686 3095 virum
706 3047 735 3096 ct
752 3059 831 3096 celsus
848 3058 1012 3109 cognoscere
1029 3045 1128 3096 tantos

410 3120 575 3189 Progredior
591 3123 680 3188 portu,
699 3119 793 3173 classis
811 3123 841 3173 et
858 3118 939 3171 litora
956 3118 1082 3186 linquens
1088 3138 1096 3183 ;
1179 3125 1197 3136 ·
1228 3135 1268 3176 m

409 3197 553 3251 Sollemnis
570 3213 631 3250 cum
650 3197 721 3250 forte
740 3196 824 3265 dapes
842 3198 872 3249 ct
889 3195 980 3249 tristia
997 3193 1069 3247 dona

410 3275 485 3328 Ante
503 3273 599 3326 urbem
617 3274 644 3326 in
662 3273 723 3326 luco
741 3273 802 3325 falsi
822 3272 967 3325 Sioroentis
985 3269 1021 3324 ad
1038 3273 1142 3324 undam

409 3347 527 3403 Libebat
545 3349 628 3402 cineri
647 3347 840 3401 Andromache
859 3347 1002 3415 Manisque
1020 3347 1135 3401 vocabat

408 3428 577 3480 Hectoreum
596 3425 632 3479 ad
650 3424 795 3490 tumulum,
812 3422 891 3476 viridi
909 3439 991 3491 quem
1008 3424 1129 3492 caespite
1145 3423 1258 3479 manem

390 3501 584 3573 argenium,
604 3521 732 3558 caussam
753 3502 883 3571 lacrimis,
903 3504 1064 3556 sacraverat
1080 3515 1152 3551 aras.
1231 3513 1274 3552 aa

378 3571 422 3630 Ut
435 3594 487 3633 mc
505 3584 662 3653 conspexit
681 3583 851 3640 venientem
869 3585 903 3638 et
920 3579 1010 3635 'ireia
1026 3578 1134 3632 orcum

356 3650 456 3707 Arma
476 3674 584 3715 arrrens
604 3661 690 3732 vidit,
713 3664 837 3735 magnis
856 3660 1008 3719 exterrita
1023 3649 1165 3708 monstris

655 3780 679 3809 Δ
