3467 4367
456 634 503 681 180
688 630 718 678 P.
738 629 892 678 VERGILI
909 632 1042 681 MARON
1044 633 1076 681 IS
1108 646 1115 659 ‘

457 711 622 780 Insequitur.
661 710 763 764 Causas
781 711 851 764 tanti
871 712 938 767 sciat
955 713 1003 767 illa
1019 714 1126 770 furoris.

459 790 523 859 Ipse
541 786 608 840 mihi
626 804 713 855 nuper
732 788 839 855 Libycis
858 792 891 842 tu
909 790 989 843 testis
1007 791 1035 844 in
1052 792 1134 846 undis
1176 820 1179 825 ·

459 867 546 932 Quam
565 862 663 917 niolam
682 863 773 917 subito
792 866 920 919 excierit:
939 868 1025 921 maria
1043 870 1138 929 omnia
1150 871 1226 926 caelo
1280 886 1316 929 teo

459 944 577 1011 Miscuit,
597 941 702 995 Aeoliis
720 942 886 1010 nequiquam
905 943 979 1014 freta
994 944 1127 1012 procellis,

459 1021 494 1074 Iu
512 1020 602 1087 regnis
620 1017 670 1070 hoe
688 1034 754 1071 ausa
771 1019 832 1072 tuis.
1222 1076 1227 1083 .

460 1096 514 1151 Per
532 1095 618 1150 scelus
637 1112 698 1149 eece
717 1096 801 1149 etiam
819 1096 942 1150 Troianis
960 1099 1095 1153 matribus
1112 1099 1182 1154 actis

460 1174 571 1228 Exussit
589 1173 669 1226 foede
688 1172 795 1243 puppis,
814 1177 843 1227 et
860 1174 945 1227 classe
964 1174 1073 1244 subegit

460 1252 569 1305 Amissa
587 1252 672 1305 socios
690 1252 800 1319 ignotae
817 1252 942 1319 linquere
959 1255 1058 1305 terrae.
1281 1265 1317 1307 rac

460 1326 539 1391 Quod
558 1332 691 1399 superest,
710 1341 766 1397 oro,
785 1328 865 1382 liceat
886 1328 952 1382 dare
970 1331 1031 1382 tuta
1048 1346 1098 1396 per
1114 1330 1204 1385 undas

459 1403 530 1457 Vela
547 1406 606 1473 tibi,
625 1406 706 1459 liccat
726 1406 891 1460 Laurentem
911 1407 1047 1473 attingere
1066 1406 1203 1475 Thybrim,

460 1480 489 1535 Si
507 1498 634 1537 concessa
651 1487 724 1551 peto,
745 1484 767 1537 si
786 1484 853 1536 dant
872 1501 904 1537 ea
922 1484 1028 1546 moenia
1049 1482 1158 1537 Parcae.

460 1557 529 1611 Tum
548 1560 692 1614 Saturnius
710 1561 776 1615 haee
796 1561 915 1613 domitor
933 1560 1015 1612 maris
1033 1560 1122 1619 edidit
1139 1560 1201 1615 alti:

460 1633 514 1687 Fas
531 1652 611 1690 omne
630 1641 680 1703 est,
700 1637 844 1706 Cytherea,
862 1638 931 1690 meis
950 1640 979 1691 te
997 1635 1083 1689 fidere
1101 1636 1200 1704 reguis,
1280 1650 1319 1689 eor

460 1710 542 1765 Unde
560 1730 647 1779 genus
665 1713 749 1767 ducis.
786 1714 876 1766 Merui
894 1730 1017 1782 quoque;
1038 1730 1118 1781 saepo
1135 1713 1242 1767 furores

461 1787 616 1856 Compressi
634 1794 663 1842 et
681 1789 784 1845 rabiem
803 1793 910 1842 tautam
929 1789 1052 1858 caelique
1070 1791 1214 1858 marisque.

395 1859 400 1869 '
461 1862 520 1916 Nee
537 1865 625 1917 minor
643 1865 670 1917 in
689 1866 778 1932 terris,
799 1866 940 1918 Xanthum
961 1866 1154 1934 Simoentaque
1174 1866 1272 1931 testor,

383 1945 388 1955 '
462 1940 573 1993 Aeneae
590 1941 656 1995 mihi
675 1958 740 1995 cura
757 1942 806 1997 tui.
844 1942 913 1995 Cum
933 1941 1012 1994 Troia
1031 1942 1153 1995 Achilles

461 2015 623 2071 Exanimata
641 2035 757 2088 sequens
776 2019 932 2087 inpingeret
950 2019 1058 2086 agmina
1075 2018 1168 2086 muris,
1281 2031 1316 2070 eoo

461 2091 538 2146 Milia
555 2095 641 2148 multa
660 2094 739 2149 daret
756 2095 821 2162 leto,
840 2099 1038 2163 gemerentque
1056 2094 1155 2163 repleti

463 2170 573 2237 Amnes,
592 2187 642 2226 nec
660 2172 781 2241 reperire
801 2173 872 2225 viam
890 2176 973 2241 atque
993 2171 1117 2225 evolvere
1134 2172 1228 2239 posset

462 2244 497 2299 In
514 2264 590 2301 mare
609 2265 638 2301 se
657 2248 791 2316 Xanthus,
811 2248 923 2302 Pelidae
942 2253 1008 2302 tune
1026 2265 1076 2317 ego
1095 2247 1159 2300 forti

463 2323 645 2390 Congressum
665 2326 777 2378 Aenean
797 2342 847 2378 nee
865 2324 908 2377 dis
928 2342 976 2379 nee
994 2324 1096 2378 viribus
1114 2323 1209 2391 aequis

462 2398 543 2453 Nube
560 2416 626 2453 cava
643 2402 729 2469 rapui,
748 2418 877 2468 euperem
896 2418 957 2453 cum
976 2405 1085 2454 vertere
1103 2400 1138 2453 ab
1156 2400 1212 2452 imo
1282 2412 1319 2451 ero

463 2474 574 2529 Structo
590 2477 659 2529 meis
677 2476 803 2530 manibus
820 2477 947 2543 periurae
965 2478 1072 2529 moenia
1091 2476 1195 2528 Troiae.

463 2550 490 2603 N
490 2568 542 2604 unc
555 2569 663 2620 quoque
676 2570 753 2606 mens
765 2552 861 2605 eadem
874 2556 981 2621 perstat
993 2553 1074 2617 mihi;
1088 2552 1160 2621 pelle
1171 2550 1308 2604 timorem.

463 2627 557 2695 Tutus,
577 2644 646 2696 quos
664 2632 750 2696 optas,
768 2634 864 2696 portus
883 2629 996 2682 accedet
1015 2628 1126 2682 Averni.

463 2702 542 2756 Unus
560 2704 613 2757 erit
631 2707 747 2771 tantum,
766 2706 896 2759 amissum
915 2723 996 2775 quem
1014 2705 1124 2773 gurgite
1144 2717 1276 2771 quaeres;

463 2779 556 2834 Unum
574 2797 624 2848 pro
642 2781 736 2834 multis
755 2781 866 2835 dabitur
885 2787 974 2850 caput
1283 2794 1320 2831 ero

464 2856 517 2909 His
534 2856 582 2909 ubi
601 2857 674 2910 laeta
692 2857 760 2911 deae
778 2858 922 2926 permulsit
940 2862 1052 2926 pectora
1070 2857 1158 2927 dictis,

453 2932 559 3000 ‚Iungit
577 2950 661 3001 equos
679 2951 745 2987 auro
765 2935 887 3003 Genitor,
906 2936 1115 3003 spumantiaque
1132 2932 1212 2988 addit

465 3009 555 3062 Frena
572 3010 645 3074 feris,
664 3012 843 3080 manibusque
862 3012 949 3064 omnis
969 3011 1084 3065 effundit
1101 3009 1231 3065 habenas.

465 3086 596 3140 Caeruleo
614 3104 664 3155 per
683 3104 788 3140 summa
806 3088 873 3141 levis
891 3088 965 3141 volat
984 3104 1101 3156 aequora
1119 3103 1216 3152 curru;

464 3161 614 3215 Subsidunt
632 3163 729 3232 undae,
749 3164 940 3231 tumidumque
959 3164 1010 3216 suh
1027 3179 1078 3216 axe
1096 3162 1204 3216 tonanti
1285 3176 1322 3213 eno

465 3237 604 3311 Sternitur
621 3256 724 3308 aequor
743 3240 828 3309 aquis,
847 3240 956 3307 fugiunt
973 3243 1051 3293 vasto
1069 3235 1293 3293 aethere'nimbi.

465 3312 534 3366 Tum
553 3317 643 3370 variae
662 3317 791 3370 comitum
811 3316 901 3384 iacies,
921 3317 1039 3371 inmania
1057 3318 1126 3382 cete,

465 3389 503 3442 Et
522 3391 610 3444 senior
629 3392 724 3446 Glauci
742 3391 847 3460 chorus,
866 3393 1005 3462 Inousque
1025 3392 1179 3460 Palaemon,

458 3465 643 3536 Tritonesque
662 3468 717 3536 citi,
738 3466 892 3538 Phorcique
911 3470 1049 3523 exereitus
1068 3468 1171 3532 omnis3

442 3537 541 3593 Laeua
562 3545 642 3599 tenet
664 3546 769 3614 Thetis,
788 3550 819 3602 et
838 3546 949 3617 Melite,
964 3547 1151 3613 Panopeaque
1165 3543 1256 3607 ningo,
1289 3556 1327 3591 su

427 3611 556 3686 Νθθᾶθθ,
578 3622 718 3700 Spioque,
742 3626 914 3699 Thahaque,
933 3622 1194 3701 eymoumenue„
1226 3683 1232 3696 ,

456 3689 521 3747 HT
537 3702 642 3769 Patris
666 3708 796 3768 Aeneae
818 3720 1001 3782 suspensam
1015 3692 1132 3755 blanda
1144 3699 1274 3745 nudem
