3467 4367
523 771 554 818 10
759 770 789 819 Ρ.
807 769 962 819 VERGILI
979 771 1145 822 MABONIS

522 849 625 918 Incipe,
641 865 726 919 parre
741 867 825 920 puer:
842 851 886 905 cni
904 868 957 904 non
975 853 1061 906 risere
1079 858 1189 921 parente

522 926 580 979 Nec
598 926 667 979 deus
684 926 756 981 hunc
772 942 874 992 mensa,
892 926 946 980 dea
963 943 1013 979 nee
1031 929 1145 995 dignata
1163 947 1189 983 cu

804 1084 863 1142 EO
874 1085 899 1142 L
910 1083 973 1142 OG
981 1086 1013 1141 A
1041 1085 1080 1142 V.

859 1187 1032 1237 DAPHNIS.

789 1292 945 1333 manens,
982 1294 1095 1334 uorsus.

519 1371 577 1426 Me.
596 1371 658 1427 Oua
669 1387 731 1439 non,
744 1372 849 1439 Mopse,
861 1371 926 1424 boni
939 1373 1067 1439 quoniam
1081 1380 1189 1432 conveni

520 1446 562 1500 Tu
579 1448 696 1501 calmnos
713 1445 808 1499 inflare
826 1446 901 1513 levis,
920 1463 971 1515 ego
990 1448 1081 1502 dicere
1100 1468 1189 1505 versus

521 1521 576 1576 Hic
593 1521 691 1590 corylis
708 1522 808 1575 mixtos
826 1522 899 1575 inter
916 1524 1082 1578 considimus
1100 1527 1188 1581 ulmos

520 1597 577 1651 Mo.
596 1598 638 1652 Tu
654 1598 754 1664 maior3
773 1598 824 1652 tibi
843 1615 887 1652 me
902 1603 945 1652 est
957 1615 1075 1667 aequum
1088 1620 1189 1672 parere,

520 1674 582 1728 Sive
601 1673 652 1728 sub
669 1674 788 1727 inoertas
806 1674 937 1742 Zephyris
955 1678 1123 1731 motantibus
1141 1697 1188 1733 um

520 1749 583 1803 Sive
601 1753 681 1803 antro
698 1750 790 1818 potius
808 1750 987 1804 succedimus.
1024 1754 1134 1821 Aspice,
1153 1760 1186 1809 ut

519 1825 658 1880 Silvestris
675 1826 745 1878 ruris
764 1826 865 1895 sparsit
883 1825 1008 1880 labrusca
1026 1831 1148 1882 racemis.

518 1902 574 1957 Mc.
592 1900 735 1955 Montibus
752 1903 781 1954 in
799 1903 899 1956 nostris
919 1903 991 1956 solus
1010 1904 1060 1955 tibi
1080 1910 1167 1959 certat
1187 1955 1189 1961 .

518 1978 576 2032 Mo.
596 1978 676 2046 Quid,
694 1977 718 2029 si
735 1978 811 2032 idem
823 1982 912 2032 certet
925 1978 1066 2032 Phoebum
1080 1997 1189 2047 superui

516 2055 574 2111 Mc.
595 2055 697 2124 Incipe,
716 2055 821 2124 Mopso,
841 2058 923 2126 prior,
937 2055 959 2107 si
972 2072 1040 2123 quos
1052 2060 1101 2109 aut
1114 2056 1189 2125 Phyll

518 2130 577 2186 Aut
596 2131 708 2185 Alconis
726 2131 810 2184 habes
828 2131 931 2198 laudes,
951 2135 998 2183 aut
1017 2131 1104 2198 iurgia
1125 2133 1189 2186 Codi

517 2206 628 2276 Incipe;
645 2209 782 2276 pascentis
801 2207 921 2261 servabit
940 2208 1049 2275 Tityrus
1067 2208 1175 2263 haedos.

516 2283 575 2337 Mo.
594 2284 682 2337 Immo
699 2284 774 2352 haec,
792 2284 819 2335 in
837 2283 917 2335 liridi
936 2299 1024 2351 nuper
1042 2301 1112 2351 quae
1131 2291 1189 2339 coit

516 2357 644 2414 Carmina
662 2359 793 2428 descripsi
812 2363 841 2413 et
859 2359 1004 2412 modulans
1023 2360 1127 2412 alterna
1146 2368 1189 2414 not

516 2434 664 2503 Experiar:
682 2439 713 2489 tu
731 2435 833 2489 deinde
851 2435 946 2489 iubeto
964 2439 996 2489 ut
1014 2439 1102 2488 certet
1122 2440 1189 2506 Amy

517 2508 571 2564 Me.
590 2511 678 2565 Lenta
695 2511 764 2564 salix
783 2514 916 2580 quantum
933 2512 1047 2580 pallenti
1066 2512 1138 2565 cedit
1157 2514 1189 2566 oli

517 2584 643 2640 Puniceis
661 2586 770 2638 humilis
789 2589 922 2653 quantum
941 2585 1061 2639 saliunca
1079 2590 1183 2655 rosetis,

516 2659 621 2714 Iudicio
639 2663 732 2713 nostro
750 2664 859 2713 tantum
879 2660 931 2713 tibi
950 2660 1024 2713 cedit
1043 2662 1184 2727 Amyntas

514 2735 573 2790 Mo.
591 2736 647 2790 Sed
664 2739 696 2790 tu
714 2735 808 2788 desine
826 2735 912 2803 plura,
931 2752 1013 2803 puer;
1032 2736 1189 2789 successimu

550 2812 724 2866 Exstinctum
743 2810 886 2879 Nymphae
904 2809 1009 2864 crudeli
1029 2811 1124 2863 funere
1144 2811 1189 2881 Da]

516 2887 647 2954 Flebant3
664 2904 713 2942 uos
730 2885 813 2955 coryli
831 2888 918 2939 testes
938 2889 968 2938 et
985 2885 1096 2938 flumina
1114 2887 1189 2957 Npmj

515 2963 584 3019 Cum
601 2964 733 3033 conplexa
751 2963 792 3017 sui
811 2978 910 3030 eorpus
929 2962 1083 3016 miserabile
1101 2963 1157 3015 nati

515 3039 610 3110 Atque
628 3041 694 3095 deos
712 3044 795 3109 atque
813 3042 888 3092 astra
906 3043 984 3091 vocat
1002 3038 1122 3092 crudelia
1140 3055 1189 3093 nnat

515 3116 576 3170 Non
594 3117 643 3171 ulli
659 3120 752 3187 pastos
771 3115 822 3168 illis
840 3131 922 3183 cgere
940 3114 1037 3169 diebus

515 3192 635 3261 Frigida,
647 3192 763 3262 Daphni,
775 3191 859 3245 boves
872 3191 908 3244 ad
921 3191 1047 3256 flumina;
1068 3192 1188 3246 nullane

514 3267 622 3323 libavit
641 3268 804 3338 quadrupes,
822 3283 873 3320 nec
891 3267 1021 3335 graminis
1039 3267 1133 3334 attigit
1151 3267 1189 3321 be:

514 3343 630 3414 Daphni,
649 3348 727 3399 tuum
747 3344 854 3398 Poenos
872 3343 955 3396 etiam
974 3343 1138 3411 ingemuisse
1157 3344 1189 3396 let

514 3419 663 3475 Interitum
681 3422 842 3489 montesque
860 3419 912 3473 ieri
930 3419 1067 3487 silvaeque
1088 3420 1188 3486 loquun

512 3492 636 3566 Daphnis
654 3499 684 3551 et
702 3495 847 3550 Armenias
866 3513 948 3550 curru
967 3496 1130 3562 subiungere
1149 3497 1189 3563 tig

513 3571 648 3641 Instituit,
665 3572 788 3642 Daphnis
806 3572 911 3627 thiasos
930 3572 1060 3626 inducere
1080 3571 1179 3623 Bacchi

496 3643 541 3695 Et
554 3648 632 3701 rolris
646 3648 741 3703 lentas
756 3649 886 3704 intexere
905 3648 1033 3704 mollibus
1049 3647 1150 3701 hastas.

488 3709 562 3768 Wtris
579 3725 616 3774 ut
630 3723 787 3782 arboribus
806 3726 903 3784 decori
925 3731 976 3795 est,
995 3730 1031 3782 ut
1048 3724 1155 3780 ritibus
1171 3739 1189 3774 u

417 3855 435 3879 n
462 3775 672 3861 Utffmffl'bffl
692 3804 781 3875 tauri,
799 3810 925 3879 segetes
945 3809 979 3863 ut
998 3801 1159 3879 pinguibus
1177 3816 1189 3852 a
