3467 4367
597 581 599 585 ’
711 610 920 659 enoncrcen
939 610 1007 661 ure.
1028 610 1051 662 1.
1280 610 1310 654 aa

453 692 542 757 Quam
560 688 656 745 Cereri
673 692 748 745 torta
765 690 909 744 redimitus
927 694 1052 760 tempera
1070 704 1173 759 quercu

450 767 507 822 Det
525 770 617 821 motus
634 768 816 837 inconpositos
834 769 864 821 et
883 768 1002 822 carmina
1021 768 1101 821 dieat.
1275 777 1312 818 333

485 847 583 913 Atque
601 844 668 897 haec
685 848 717 897 ut
734 846 816 899 certis
834 861 976 915 possemus
995 844 1100 899 diecere
1119 844 1208 911 signis,

448 921 618 989 Aestusque,
637 920 805 990 pluviasque,
827 925 857 975 ct
875 923 982 990 agentis
999 921 1102 989 frigora
1118 922 1221 989 ventos,

450 997 517 1066 Ipse
536 997 621 1052 Pater
639 998 744 1065 statuit,
765 998 832 1065 quid
849 1001 991 1052 menstrua
1009 998 1086 1051 Luna
1103 1001 1241 1064 moneret;

449 1074 510 1140 Quo
528 1075 609 1149 signo
624 1073 755 1128 caderent
774 1074 874 1140 austri3
899 1074 966 1143 quid
984 1092 1065 1144 saepe
1083 1076 1208 1130 videntes

449 1150 597 1219 Agricolae
615 1152 726 1220 propius
748 1150 862 1205 stabulis
881 1154 1005 1204 armenta
1022 1156 1157 1208 tenerent.
1274 1165 1312 1206 333

449 1226 592 1292 Continuo,
611 1228 699 1282 ventis
718 1226 900 1294 surgentibus,
920 1231 968 1281 aut
985 1228 1057 1281 freta
1075 1230 1150 1298 ponti

450 1303 589 1373 Incipiunt
608 1304 712 1371 agitata
730 1305 883 1357 tumescere
903 1307 932 1357 et
949 1304 1042 1357 aridus
1051 1306 1122 1358 'altis

449 1379 593 1434 Montibus
613 1378 701 1433 audiri
720 1379 819 1447 fragor,
840 1383 889 1433 aut
907 1381 1062 1434 resonantia
1080 1381 1159 1449 longe

449 1454 545 1509 Litora
564 1456 671 1509 misceri
692 1458 722 1509 et
738 1472 880 1508 nemorum
898 1455 1085 1510 increbescere
1102 1474 1233 1512 murmur.

450 1532 510 1586 Iam
530 1531 581 1585 sibi
600 1535 660 1586 tum
679 1532 768 1585 curvis
786 1532 857 1585 male
875 1536 1013 1601 temperat
1029 1531 1108 1608 un·
1121 1534 1226 1601 carinis,
1273 1545 1310 1585 333

450 1609 518 1663 Cum
538 1608 629 1662 medio
648 1607 751 1662 celeres
769 1608 892 1662 revolant
911 1626 945 1663 ex
963 1625 1083 1678 aequore
1100 1610 1187 1677 mergi

450 1685 659 1753 clamoremque
677 1684 769 1738 ferrmt
788 1684 824 1737 ad
843 1685 931 1753 litora,
950 1702 1067 1754 cunique
1084 1687 1205 1740 marinae

451 1760 485 1814 Iu
503 1761 572 1814 sicco
591 1759 691 1813 ludunt
708 1760 813 1828 fulicae,
831 1764 965 1829 notasque
982 1762 1089 1830 paludis

450 1837 560 1891 Deserit
579 1840 663 1906 atque
681 1835 764 1889 altam
783 1853 866 1904 supra
883 1838 957 1891 volat
975 1838 1183 1892 ardeanubem.

450 1913 538 1981 Saepe
557 1914 643 1966 etiarn
659 1912 759 1980 stelles,
778 1916 860 1966 vento
878 1913 1052 1981 inpendente,
1070 1914 1175 1968 videbis
1269 1925 1310 1986 fl

451 1990 611 2058 Praecipitis
632 1988 706 2041 eaelo
724 1988 787 2056 labi,
804 1990 946 2058 noctisque
964 2006 1015 2057 per
1032 1990 1156 2045 umbram

450 2066 635 2119 Flammarum
655 2064 750 2131 longos
771 2068 883 2132 atergo
902 2065 1040 2120 albescere
1058 2070 1176 2132 tractus3

450 2142 538 2211 Saepe
556 2142 645 2206 levem
663 2140 768 2208 paleam
787 2143 816 2193 et
834 2140 944 2195 frondes
963 2142 1076 2196 volitare
1094 2142 1215 2211 caducas,

450 2220 510 2271 Aut
529 2233 634 2271 summa
652 2217 742 2269 nantis
759 2216 787 2269 in
806 2234 878 2285 aqna
895 2218 1032 2272 colludere
1050 2219 1161 2287 plumas.

450 2296 491 2348 At
511 2295 616 2347 Boreae
634 2292 670 2346 de
687 2296 767 2361 parte
784 2293 869 2345 trucis
887 2311 948 2347 cum
965 2294 1098 2362 fulminat,
1116 2296 1223 2348 etcum
1269 2308 1306 2351 333

450 2370 570 2437 Eurique
589 2368 760 2438 Zephyrique
779 2371 856 2421 tonat
876 2369 985 2423 domus:
1009 2371 1098 2424 omnia
1115 2371 1202 2439 plenis

450 2444 526 2498 Rura
543 2448 639 2498 natant
657 2445 744 2511 fossis,
763 2448 846 2513 atque
865 2446 951 2498 omnis
968 2448 1059 2501 navita
1076 2449 1160 2517 ponto

450 2521 573 2574 Humida
591 2520 651 2574 vela
667 2521 740 2589 legit.
780 2521 936 2590 Numquam
954 2523 1163 2594 inprudentibus
1179 2524 1266 2579 imber

448 2596 559 2651 Obfint:
583 2597 724 2650 sutilium
744 2601 901 2665 surgentem
920 2599 1034 2653 vallibus
1051 2601 1112 2654 imis

449 2674 550 2728 neriae
567 2674 662 2741 fugere
680 2690 770 2741 grues,
790 2678 837 2727 aut
855 2673 954 2728 bucula
972 2677 1075 2729 caelum
1268 2687 1304 2728 333

448 2749 607 2818 Suspiciensv
619 2750 720 2819 patulis
739 2751 859 2818 captavit
878 2751 987 2804 naribus
1005 2769 1093 2820 auras,

448 2827 508 2880 Aut
525 2831 623 2895 argnrta
640 2827 714 2879 lacus
734 2826 958 2880 circumvolitavit
976 2827 1100 2896 hirundo,

449 2903 486 2956 Et
503 2907 625 2957 veterem
641 2904 670 2956 in
689 2903 752 2957 limo
771 2919 854 2956 ranae
872 2903 994 2957 cecinere
1012 2904 1157 2971 querelam.

448 2978 561 3048 Saepius
578 2983 607 3033 et
625 2981 705 3033 tectis
724 2978 910 3049 penetralibus
928 2981 1028 3034 extulit
1046 2997 1097 3033 ova

448 3054 605 3123 Angustum
622 3056 735 3110 formica
754 3060 848 3110 terens
866 3057 928 3126 iter,
947 3060 975 3110 et
993 3057 1064 3111 bibit
1079 3058 1175 3125 ingens
1267 3072 1303 3113 333

448 3131 545 3199 Arcus,
563 3136 593 3186 et
610 3149 626 3186 e
644 3137 725 3201 pastu
746 3132 881 3187 decedens
900 3134 1006 3201 agmine
1024 3150 1122 3201 rnagno

448 3207 597 3262 Corsorum
614 3210 749 3277 increpuit
769 3209 859 3263 densis
878 3210 1014 3264 exercitus
1031 3210 1087 3264 alis.

448 3282 508 3337 Iam
526 3286 614 3338 varias
630 3287 719 3355 pelagi
740 3287 868 3357 volucres,
889 3291 917 3341 ct
937 3304 1006 3355 quae
1026 3287 1093 3341 Asia
1110 3286 1210 3339 circum

447 3358 580 3414 Dulcibus
597 3363 624 3415 in
644 3365 746 3431 stagnis
767 3367 900 3419 rimantur
917 3367 998 3436 prata
1017 3363 1129 3433 Caystri,

448 3436 582 3491 Certatim
600 3440 688 3510 largos
707 3440 828 3498 humeris
845 3441 992 3499 infundere
1008 3458 1100 3508 rores,
1275 3448 1321 3486 333

439 3512 522 3567 Nune
536 3523 620 3587 caput
639 3519 781 3578 obiectare
800 3524 894 3597 fretis,
910 3542 989 3581 nunc
1008 3535 1127 3579 currere
1138 3516 1177 3568 in
1190 3510 1301 3572 unbem

428 3584 467 3638 Et
482 3593 578 3648 studio
595 3596 741 3657 incassum
759 3603 865 3662 rideas
885 3606 999 3680 gestire
1015 3596 1151 3658 letandi,

420 3659 489 3718 illm
507 3672 606 3725 cornix
624 3676 718 3745 piena
737 3679 876 3753 pluviam'
895 3687 991 3744 vocat
1005 3678 1147 3751 inprobe.
1159 3679 1240 3726 uoce
