3467 4367
470 638 519 686 294
699 633 728 681 P.
758 630 904 680 VERGILI
927 628 1094 679 MARONIS

472 718 512 771 At
529 732 583 769 non
601 712 760 768 llimndrum
777 711 851 781 potis
868 715 913 767 est
930 711 971 766 ris
989 709 1045 763 ulla
1061 713 1174 772 tenore3

471 792 527 847 Sed
544 791 620 845 venit
637 792 665 843 in
683 789 795 842 medios.
831 788 948 843 Feretro
966 787 1091 841 Pallanta
1108 785 1219 855 reposto

471 868 621 922 Procubuit
632 882 721 935 super,
733 868 818 934 atque
830 864 927 919 haeret
938 863 1136 933 lacrimansque
1143 878 1324 933 gemensque,

470 944 508 998 Et
525 944 569 997 ria
586 943 632 996 vix
649 941 762 995 tandem
779 940 840 995 voci
857 941 950 995 laxata
967 940 1061 994 dolore
1079 942 1137 993 est:
1161 993 1168 1014 ‚
1289 954 1325 994 1⁶1

470 1021 533 1073 Non
550 1020 623 1083 haec,
641 1035 658 1071 o
676 1017 761 1085 Palla,
780 1017 899 1071 dederas
916 1016 1051 1086 promissa
1067 1012 1182 1085 parenti,

470 1096 585 1150 Cautius
601 1097 634 1148 ut
652 1110 733 1147 saevo
750 1092 835 1147 velles
853 1096 882 1147 to
900 1092 1013 1147 credere
1031 1091 1125 1150 Marti.

472 1172 555 1224 Haud
572 1169 684 1238 ignarus
701 1185 785 1238 eram,
804 1171 937 1237 quantum
954 1184 1025 1223 nova
1041 1166 1129 1236 gloria
1146 1165 1174 1219 in
1192 1164 1277 1220 armis

470 1248 507 1302 Et
523 1246 670 1316 praedulce
688 1246 773 1300 decus
790 1245 879 1314 primo
897 1245 1046 1299 certamine
1063 1244 1164 1313 posset.
1287 1258 1324 1299 roe

471 1322 612 1377 Primitiae
629 1322 736 1377 iuvenis
754 1322 879 1387 miserae,
897 1319 1018 1388 bellique
1036 1316 1183 1388 propinqui

469 1399 546 1452 Dura
562 1398 732 1452 rudimenta!
757 1401 786 1451 et
803 1396 871 1450 nulli
890 1395 1019 1450 exaudite
1035 1394 1149 1448 deorum

469 1474 542 1529 Vota
556 1491 704 1544 precesque
722 1476 812 1527 meae!
837 1476 932 1541 tuque,
950 1488 966 1525 o
984 1470 1153 1526 sanctissima
1170 1470 1295 1540 coniunx,

469 1550 547 1604 Felix
565 1554 654 1605 morte
672 1553 738 1615 tua,
748 1566 837 1617 neque
855 1549 883 1601 in
900 1549 973 1602 hunc
990 1550 1098 1601 servata
1115 1546 1253 1603 dolorem!

469 1627 573 1681 Contra
590 1642 642 1694 ego
659 1625 777 1680 vivendo
794 1624 847 1679 vici
864 1641 926 1678 mea
943 1624 1008 1689 fata,
1026 1626 1165 1691 superstes
1273 1631 1325 1679 me

469 1703 613 1757 Restarem
631 1705 664 1756 ut
680 1702 796 1769 genitor.
834 1701 936 1754 Troum
955 1700 1027 1755 socia
1044 1716 1121 1753 arma
1138 1702 1266 1755 secutum

468 1776 624 1832 Obruercnt
642 1776 738 1830 Rutuli
756 1777 832 1831 telis!
852 1777 971 1830 animam
988 1777 1047 1846 ipse
1064 1775 1210 1844 dedissem,

469 1856 564 1922 Atque
576 1853 643 1907 haec
655 1868 755 1921 pompa
766 1852 879 1906 domum
891 1870 943 1920 me,
955 1870 1010 1906 non
1023 1852 1157 1920 Pallanta,
1169 1852 1304 1909 referret!

468 1929 494 1982 N
496 1946 527 1983 ec
544 1946 592 1983 vos
609 1929 754 1997 arguerim,
773 1928 876 1996 Teucri,
894 1933 945 1982 nee
962 1929 1080 1994 foedera,
1098 1945 1149 1983 nee
1166 1944 1236 1997 quas

469 2006 612 2060 iunximus
629 2004 748 2074 hospitio
766 2005 894 2072 dextras;
918 2022 977 2059 sors
994 2006 1048 2060 ista
1065 2008 1192 2060 senectae
1287 2022 1325 2061 ree

471 2080 571 2136 Debita
588 2085 649 2135 erat
665 2084 783 2136 nostrae.
820 2080 901 2146 Quod
919 2080 942 2135 si
960 2081 1097 2135 inmatura
1114 2081 1244 2138 manebat

468 2158 545 2211 Mors
561 2160 683 2226 gnatum,
702 2158 789 2211 caesis
809 2157 971 2212 Volscorum
989 2156 1099 2211 milibus
1117 2160 1183 2213 ante

469 2236 623 2288 Ducentem
640 2233 668 2286 in
686 2234 798 2287 Latium
816 2234 935 2288 Teucros
953 2233 1083 2288 cecidisse
1100 2234 1214 2293 iuvaret

448 2360 451 2368 .
469 2311 541 2375 Quin
559 2327 611 2379 ego
628 2327 682 2363 uon
701 2310 754 2364 alio
772 2310 871 2379 digner
887 2313 917 2365 te
935 2310 1036 2375 fimere,
1054 2310 1138 2379 Palla,

470 2388 557 2452 Quam
566 2388 628 2455 pius
641 2387 758 2454 Aeneas,
770 2389 799 2440 et
808 2403 891 2455 quam
902 2386 994 2455 magui
1006 2386 1136 2455 Phryges,
1149 2392 1179 2441 et
1190 2402 1275 2456 quam
1286 2401 1323 2444 no

450 2487 452 2491 ·
469 2462 654 2531 Tyrrhenique
672 2461 763 2528 duces,
783 2462 952 2531 Tyrrhenum
970 2462 1108 2517 exereitus
1125 2464 1221 2517 omnis.

468 2538 570 2606 Magna
587 2541 700 2606 tropaea
716 2538 816 2606 ferunt,
834 2554 904 2606 quos
922 2538 971 2593 dat
988 2541 1038 2592 tua
1055 2536 1171 2594 dextera
1188 2540 1261 2607 lete3

469 2614 510 2668 'lu
528 2630 636 2682 quoque
654 2630 726 2667 nunc
744 2618 832 2667 stares
849 2615 966 2668 inmanis
984 2618 1097 2669 truncus
1114 2615 1143 2669 in
1161 2617 1254 2684 ermis,

470 2692 551 2744 Esset
568 2705 618 2758 par
636 2692 712 2743 aetas
730 2695 759 2744 et
777 2690 851 2743 idern
870 2691 893 2743 si
911 2690 994 2745 robur
1011 2690 1046 2745 ab
1064 2691 1148 2758 annis,

469 2767 566 2820 Turne.
602 2766 657 2820 Sed
675 2766 768 2820 infelix
786 2766 904 2819 Teucros
921 2766 990 2835 quid
1006 2767 1133 2821 demoror
1150 2768 1252 2826 amul
1286 2784 1322 2829 ire

469 2842 573 2896 Vadite
591 2842 704 2896 ethaeo
722 2858 856 2896 memores
874 2842 932 2911 regi
950 2843 1079 2898 mandata
1095 2844 1212 2902 referte:

469 2918 550 2983 Quod
567 2920 652 2973 vitam
669 2935 761 2972 moror
778 2918 902 2986 invisam,
921 2918 1045 2974 Pallante
1062 2924 1213 2991 perempto,

470 2995 592 3049 Dextera
609 3011 704 3048 caussa
714 2998 769 3049 'tua
787 2998 838 3062 est,
856 2995 978 3048 Turnum
995 3000 1133 3065 gnatoque
1150 2998 1282 3068 patrique

469 3071 556 3136 Quam
575 3071 676 3126 debere
694 3071 778 3125 vides.
814 3071 923 3125 Meritis
941 3076 1019 3127 vacat
1035 3073 1081 3126 hie
1096 3072 1149 3127 tibi
1167 3074 1241 3129 solus

469 3147 662 3216 Fortunaeque
679 3147 761 3201 locus.
797 3148 860 3201 Non
878 3148 952 3203 vitae
967 3148 1068 3217 gaudia
1086 3166 1203 3218 quaero;
1285 3164 1323 3207 ree

469 3224 528 3277 Nec
546 3224 601 3288 sas3
620 3223 669 3278 sed
686 3228 769 3292 gnato
788 3223 878 3277 Manis
895 3225 1019 3294 perferre
1036 3224 1087 3279 sub
1104 3226 1180 3280 imos.

504 3302 614 3353 Aurora
631 3299 736 3353 interea
753 3300 860 3353 miseris
878 3300 1040 3355 mortalibus
1058 3302 1156 3356 almam

470 3374 614 3428 Extulerat
631 3375 727 3441 lucem,
745 3374 867 3429 referens
885 3392 967 3444 opera
984 3380 1069 3446 atque
1085 3377 1207 3436 labores:

462 3450 526 3503 Iam
541 3453 628 3520 pater
645 3452 763 3520 Aeneas,
781 3451 835 3505 iam
853 3467 936 3506 curvo
954 3452 982 3505 in
999 3453 1080 3509 litore
1099 3454 1221 3509 Tarchon

451 3527 639 3585 Constituere
655 3547 753 3603 pyras.
791 3530 859 3586 llue
877 3544 997 3599 cornera
1012 3528 1131 3597 quisque
1145 3545 1259 3582 suorum
1289 3547 1327 3584 un

431 3601 524 3663 More
546 3608 644 3669 tulere
660 3615 806 3685 patrun13
828 3606 1028 3673 subiectisque
1043 3602 1159 3669 ignibus
1172 3602 1245 3652 atius

429 3678 580 3747 Conditor
599 3692 636 3750 in
655 3695 810 3753 tenebras
829 3690 930 3749 altum
946 3679 1074 3749 callem
1091 3674 1208 3729 mm·
