3467 4367
478 635 524 681 112
707 628 738 678 P.
756 627 910 676 VERGILI
928 628 1095 678 MARONIS

475 711 613 764 Monstrat
630 711 691 779 iter,
710 727 819 779 quaque
836 709 959 764 ostendit
977 727 1007 764 se
1025 711 1132 780 dextra,
1150 729 1314 781 sequamur:

475 787 614 841 Mutamus
632 788 739 855 clipeos,
760 787 940 854 Danaumque
958 786 1076 855 insignia
1093 789 1173 843 nobis

475 865 618 933 Aptcmus.
655 864 740 916 Dolus
752 880 787 915 an
800 864 894 927 virtus,
908 863 970 930 quis
982 864 1010 916 in
1022 864 1102 919 hoste
1116 867 1261 934 requirati
1296 882 1331 922 mo

475 941 563 994 Arma
580 939 685 992 dabunt
702 940 761 1008 ipsi.
799 940 843 993 Sic
860 938 941 1005 latus,
961 939 1060 995 deinde
1078 939 1232 996 comantem
1290 937 1292 941 ’

475 1016 617 1085 Androgei
635 1016 742 1084 galeam
761 1016 896 1083 clipeique
913 1015 1022 1083 insigne
1037 1017 1167 1071 decorum

475 1093 612 1160 Induitur,
629 1093 765 1159 laterique
784 1093 919 1159 Argivum
937 1093 1129 1149 adcommodat
1145 1112 1267 1177 ensem.)

418 1200 425 1210 -
475 1169 535 1224 Hoc
555 1170 683 1238 Rhipeus,
701 1170 753 1222 hoc
771 1170 830 1237 ipso
849 1169 951 1238 Dymas
969 1171 1110 1240 omnisque
1128 1173 1258 1229 iuventus

474 1246 561 1301 Laeta
577 1248 658 1312 facit;
676 1246 769 1314 spoliis
787 1263 817 1299 se
835 1247 952 1315 quisque
970 1247 1125 1302 recentibus
1144 1254 1242 1304 armat
1296 1265 1332 1304 ses

474 1323 608 1377 Vadimus
625 1323 733 1376 inmixti
753 1322 855 1375 Danais
873 1322 948 1376 haud
966 1324 1077 1377 numine
1093 1329 1196 1394 nostro,

475 1399 617 1469 Multaque
635 1416 685 1468 per
703 1415 810 1451 caecam
828 1399 967 1466 congressi
985 1400 1089 1467 proelia
1106 1405 1215 1455 noctem

473 1476 655 1542 Conserimus,
673 1474 775 1528 multos
794 1474 920 1527 Danaum
938 1475 1111 1529 demittimus
1130 1477 1210 1531 Orco.

473 1549 625 1619 Diffugiunt
642 1551 689 1605 alii
707 1551 743 1603 ad
761 1550 846 1617 navis,
865 1554 895 1604 et
912 1551 995 1604 litora
1011 1568 1093 1606 cursu

473 1626 543 1683 Fida
560 1631 673 1696 petunt:
693 1644 757 1696 pars
775 1628 915 1694 ingentem
932 1627 1078 1681 formidine
1096 1629 1171 1697 turpi
1295 1642 1333 1683 wo

472 1702 612 1757 Scandunt
631 1720 725 1756 rursus
744 1719 844 1770 equum
863 1705 894 1755 et
911 1705 977 1757 nota
994 1704 1149 1758 conduntur
1165 1704 1194 1757 in
1212 1705 1318 1776 alv07

481 1821 486 1830 .
508 1779 571 1833 Heu
587 1780 654 1833 nihil
671 1780 765 1833 invitis
782 1778 823 1831 ias
841 1795 1006 1847 quemquam
1025 1779 1112 1834 fidere
1129 1780 1214 1834 divis!

472 1854 541 1909 Ecce
558 1856 720 1910 trahebatur
736 1855 824 1923 passis
844 1854 981 1909 Priameia
1001 1856 1077 1924 virgo
1363 1883 1381 1934 p

471 1931 598 1986 Crinibus
618 1949 635 1985 a
653 1932 756 2000 templo
775 1931 929 1985 Cassandra
946 1930 1091 2001 adytisque
1108 1932 1260 1999 Minervae,
1276 1905 1358 1997 (Α

471 2007 518 2061 Ad
536 2009 640 2062 caelum
658 2008 775 2062 tendens
793 2006 919 2061 ardentia
937 2007 1040 2061 lumina
1057 2008 1176 2076 frustra,
1295 2021 1332 2062 ιω

470 2082 593 2152 Lumina,
611 2101 674 2137 nam
693 2087 804 2137 teneras
821 2083 952 2137 arcebant
969 2084 1077 2138 vincula
1093 2084 1205 2152 palmas

470 2159 497 2213 N
499 2178 533 2214 on
552 2162 615 2216 tulit
633 2161 702 2215 hanc
721 2160 838 2229 speeiem
855 2159 957 2213 furiata
974 2165 1068 2215 mente
1077 2162 1234 2229 Coroebus,

471 2237 508 2291 Et
526 2255 586 2292 sese
604 2238 727 2291 medinm
746 2236 840 2290 iniecit
857 2237 998 2304 periturus
1015 2238 1043 2290 in
1062 2254 1169 2305 agmen.

471 2312 669 2383 Consequimur
686 2313 777 2367 cuncti
796 2317 825 2366 et
843 2312 934 2365 densis
952 2313 1115 2366 incurrimus
1132 2314 1221 2369 armis

471 2389 525 2443 Hic
542 2392 660 2458 primurn
678 2407 712 2443 cx
730 2390 786 2442 alto
805 2389 912 2441 delubri
931 2390 1047 2444 culmine
1065 2390 1128 2443 telis
1149 2362 1248 2462 4&ss
1296 2404 1334 2443 41⁰

470 2465 635 2519 Nostrorum
653 2464 802 2531 obruimur,
821 2465 963 2535 oriturque
982 2466 1134 2538 miserrima
1151 2445 1252 2520 suffice

470 2541 619 2596 Armorum
637 2541 706 2593 facio
724 2543 754 2593 et
773 2541 918 2594 Graiarum
937 2558 1030 2596 errore
1049 2540 1225 2620 inbarumql.
1236 2573 1381 2604 χ,

470 2614 539 2669 'lum
558 2616 646 2669 Danai
663 2617 768 2683 gemitu
786 2619 871 2684 atque
889 2620 1001 2685 ereptae
1019 2617 1130 2685 virgime
1147 2616 1190 2670 ira
1209 2619 1215 2632 '

470 2690 600 2759 Undique
619 2692 725 2744 collecti
742 2692 884 2760 invadunt,
903 2693 1052 2746 acerrimus
1071 2694 1152 2759 Aiax,

470 2766 507 2820 nr
517 2768 618 2835 gemini
632 2767 756 2834 Atridae,
768 2767 960 2836 Dolopumque
973 2768 1110 2823 exercitus
1127 2768 1216 2822 onmis
1223 2787 1231 2832 ;
1292 2783 1339 2824 ⁴1⁶-

470 2843 589 2896 Advorsi
608 2847 689 2912 rupto
707 2859 758 2896 ceu
776 2844 914 2912 qnondam
933 2846 1045 2899 turbine
1062 2844 1140 2899 venti

470 2918 631 2987 Confligunt,
650 2919 844 2988 Zephyrusque
863 2921 1009 2989 Notusque
1027 2924 1056 2975 et
1073 2921 1162 2975 laetus
1180 2918 1247 2974 llois

470 2994 560 3048 Eurus
578 2995 670 3064 equis3
687 2996 808 3049 stridunt
826 2997 918 3064 silvae,
938 2998 1081 3067 saevitque
1100 2996 1216 3051 tridenti

470 3070 603 3138 Spumeus
621 3075 705 3139 atque
722 3072 777 3125 imo
795 3072 903 3126 Nereus
921 3073 975 3127 ciet
994 3090 1113 3142 aequora
1125 3061 1222 3126 ffudb,

470 3146 515 3199 Illi
533 3147 623 3213 etiam,
641 3149 664 3201 si
682 3164 750 3216 quos
768 3149 884 3202 obscura
901 3153 982 3203 noete
1001 3166 1053 3218 per
1070 3149 1195 3203 umbram
1293 3162 1333 3202 iau

470 3222 603 3277 Fudimus
619 3224 724 3279 insidiis
742 3228 856 3294 totaque
875 3226 1041 3294 agitavimus
1059 3226 1135 3291 urbo,

470 3300 628 3367 Adparent3
645 3302 726 3371 primi
744 3301 845 3369 clipeos
862 3302 1035 3372 mentitaque
1053 3302 1110 3356 tela

470 3375 658 3446 Adgnoscunt,
677 3382 761 3446 atque
778 3394 827 3430 ora
845 3393 912 3430 sono
931 3378 1067 3432 discordia
1086 3378 1202 3444 signant.

458 3451 543 3510 Ilicet
561 3454 707 3508 obruimur
724 3469 854 3520 numero;
872 3453 1032 3523 primusque
1051 3452 1190 3507 Coroebus

439 3521 563 3581 Penelei
578 3530 685 3585 dextra
706 3532 790 3587 divae
810 3531 1008 3602 omnipotentis
1025 3531 1066 3583 ad
1080 3544 1158 3581 aram
1298 3541 1338 3582 «a

421 3591 620 3681 praeamara
640 3611 725 3667 cadit
743 3615 777 3668 et
800 3612 946 3683 Rhipeus,
963 3604 1140 3662 iustissimus
1155 3616 1232 3686 upns

368 3737 370 3754 ι
407 3665 468 3728 0¹11
486 3674 550 3733 fnit
568 3681 603 3738 in
630 3687 756 3748 Teucris
780 3698 817 3751 et
835 3686 1088 3748 servantissimus
1103 3689 1210 3743 somus
