3467 4367
668 634 855 685 AENEIDOS
876 635 947 688 LIB.
968 635 1021 686 IX.
1234 639 1282 691 att

423 712 480 769 Sed
497 734 625 788 magnum
643 723 769 775 metuens
787 735 817 773 se
833 722 897 788 post
914 722 1022 773 cratera
1038 720 1165 788 tegebat:

423 790 540 847 Pectore
556 796 586 847 in
604 797 719 850 adverso
736 796 826 848 totum
844 794 888 848 oui
906 794 1056 849 comminus
1074 811 1167 849 ensem

423 867 555 924 Condidit
570 869 741 940 adsurgenti,
758 873 788 925 et
805 870 893 925 multa
910 876 999 926 morte
1016 872 1127 940 recepit.

423 944 593 1013 Purpuream
607 948 694 1005 vomit
710 948 757 1001 ille
774 947 901 1016 animam,
913 950 943 1001 et
960 964 1022 1002 cum
1040 948 1170 1017 sanguine
1186 948 1274 1004 mixta

422 1021 495 1076 Vina
513 1023 600 1078 refert
617 1025 751 1088 moriens3
772 1023 817 1075 hio
833 1022 908 1076 firrto
925 1022 1047 1077 fervidus
1064 1024 1156 1078 instat.
1233 1038 1275 1079 ‘ato

422 1096 538 1168 Iamque
555 1100 592 1153 ad
610 1099 730 1168 Messapi
748 1099 834 1152 socios
851 1098 1000 1163 tendebat3
1023 1099 1061 1152 ibi
1078 1099 1169 1168 ignem

421 1172 549 1230 Deficere
566 1179 720 1229 extremum
738 1177 768 1229 et
786 1174 917 1242 religatos
934 1175 988 1228 rite
1005 1173 1118 1230 videbat

421 1248 542 1318 Carpere
560 1269 673 1319 gramen
691 1268 790 1319 equos:
810 1249 934 1304 breviter
951 1267 1013 1304 oum
1031 1251 1097 1305 talia
1114 1249 1235 1306 Nisus-

421 1325 513 1381 Sensit
530 1329 603 1381 euim
621 1328 705 1382 nimia
721 1328 806 1382 caede
824 1329 909 1394 atque
927 1326 1055 1396 cupidine
1071 1328 1173 1381 ferri-

421 1399 604 1471 Absistamus,
623 1404 679 1470 ait3
703 1420 767 1457 nam
784 1403 831 1457 lux
850 1401 960 1455 inimica
977 1402 1154 1471 propinquat.
1236 1418 1274 1458 aaa

421 1477 575 1532 Poenarum
593 1479 758 1533 exhaustum
777 1477 845 1531 satis
862 1479 921 1542 est;
946 1477 991 1530 ria
1007 1477 1081 1531 facta
1097 1494 1149 1547 per
1164 1478 1261 1535 hostis.

419 1552 510 1607 Multa
528 1554 617 1607 virum
635 1553 722 1607 solido
740 1556 854 1621 argento
871 1554 994 1622 pefecta
1011 1552 1170 1621 relinquunt

420 1631 563 1699 Armaque
580 1633 756 1698 craterasque
773 1629 853 1682 simul
872 1629 1053 1697 pulchrosque
1070 1632 1187 1698 tapetas.

419 1705 554 1773 Euryalus
572 1706 698 1775 phaleras
717 1705 880 1760 Rhamnetis
897 1708 927 1760 et
944 1722 1028 1759 aurea
1044 1705 1127 1761 bullis

419 1781 541 1851 Cingula,
560 1782 667 1837 'l'iburti
685 1782 802 1836 Remulo
820 1781 973 1835 ditissimus
991 1781 1055 1835 olim
1171 1840 1174 1846 ,
1235 1796 1273 1837 sao

419 1856 495 1922 Quae
513 1858 601 1913 mittit
619 1858 698 1926 dona,
716 1858 835 1927 hospitio
853 1874 915 1912 cum
933 1859 1060 1927 iungeret
1077 1859 1184 1926 absens,

419 1933 566 2001 Caedicus3
589 1935 636 1989 ille
655 1951 704 1988 suo
720 1935 840 1988 moriens
859 1934 909 1987 dat
926 1933 1029 1988 habere
1045 1933 1155 2001 nepoti3

418 2009 486 2064 Post
503 2015 620 2065 mortem
637 2010 710 2065 bello
728 2010 826 2064 Rutuli
843 2026 989 2077 pugnaque
1006 2009 1103 2078 potiti;

419 2085 497 2138 Haec
514 2087 595 2155 rapit,
613 2090 698 2154 atque
715 2084 838 2139 humeris
855 2085 1024 2152 nequiquam
1041 2083 1159 2137 fortibus
1176 2084 1262 2150 aptat.

419 2159 488 2212 'lum
505 2160 612 2227 galeam
631 2160 753 2227 Messapi
770 2158 891 2212 habilem
909 2158 1054 2226 cristisque
1073 2158 1200 2211 decoram
1234 2170 1271 2211 aas

419 2233 523 2288 Induit.
560 2235 705 2288 Excedunt
723 2232 827 2298 cestria
844 2236 876 2286 et
893 2235 955 2285 tuta
972 2235 1125 2300 capessunt.

454 2309 566 2364 Interea
583 2309 725 2379 praemissi
743 2308 851 2377 equites
868 2324 903 2362 ex
920 2306 990 2361 urbe
1008 2307 1113 2374 Latina,

418 2385 519 2439 Cetera
536 2385 602 2439 dum
620 2385 692 2452 legio
709 2384 813 2452 campis
830 2382 966 2436 instructa
983 2386 1114 2452 moratur,

418 2461 502 2514 Ibant
520 2464 550 2515 et
568 2462 659 2514 Turno
676 2460 736 2528 regi
754 2475 887 2527 responsa
904 2457 1039 2527 ferebant,

418 2538 605 2605 Tercentum,
625 2537 725 2592 scutati
742 2552 844 2603 omnes,
863 2534 1012 2589 Volscente
1028 2534 1168 2604 magistro.
1233 2549 1271 2590 ato

417 2613 533 2681 lamque
551 2612 771 2683 propinquabant
788 2612 894 2678 castris,
912 2627 1045 2680 muroque
1063 2611 1201 2682 subibant,

417 2690 487 2743 Oum
504 2690 598 2757 procul
616 2690 665 2744 hos
683 2689 761 2742 laevo
779 2688 916 2742 flectentis
933 2687 1023 2741 limite
1039 2691 1164 2757 cernunt,

417 2766 454 2819 Et
471 2766 549 2833 galea
567 2765 715 2833 Iluryalum
733 2763 865 2817 sublustri
883 2763 972 2817 noctis
988 2763 1018 2816 in
1035 2764 1134 2818 umbra

417 2841 545 2894 Prodidit
562 2841 738 2893 inmemorem
756 2838 897 2907 radiisque
914 2837 1031 2893 adversa
1048 2839 1165 2895 refulsit.

416 2916 502 2972 Haud
525 2919 631 2971 temere
648 2918 692 2970 est
710 2914 808 2969 visum
845 2913 1005 2968 Conclamat
1023 2914 1059 2968 ab
1076 2915 1185 2983 agmine
1203 2914 1269 2969 Vol-

485 3010 577 3049 scens:
1231 3006 1269 3046 aas

416 3068 502 3136 State,
522 3069 589 3135 viri3
614 3082 685 3137 quae
703 3082 799 3121 caussa
815 3065 894 3120 viaei
918 3065 999 3133 quive
1018 3066 1085 3120 estis
1101 3066 1130 3119 in
1148 3066 1249 3123 armisl

416 3145 510 3208 Quove
528 3145 630 3200 tenetis
647 3143 718 3199 iteri
742 3142 819 3196 Nihil
836 3142 876 3195 illi
894 3142 1010 3196 tendere
1027 3145 1131 3211 eontra,

416 3219 472 3274 Sed
490 3221 611 3274 celerare
628 3220 722 3288 fugam
739 3219 768 3272 in
785 3218 867 3272 silvas
886 3221 916 3272 et
933 3218 1020 3271 fidere
1038 3219 1118 3273 nocti.

416 3293 557 3350 Obiiciunt
574 3296 684 3365 equites
702 3312 762 3349 seso
779 3295 816 3349 ad
834 3294 952 3348 divortia
969 3296 1035 3348 nota

417 3370 490 3424 Hinc
497 3372 660 3440 atquehiuo‚
670 3388 833 3440 omnemque
845 3369 951 3426 abitum
962 3370 1078 3425 custode
1087 3374 1268 3427 coronantem

416 3448 490 3501 Silva
507 3448 561 3500 fuit
578 3446 634 3501 late
652 3448 743 3501 dumis
760 3452 845 3516 atque
862 3447 924 3501 ilice
942 3447 1021 3516 nigra

416 3522 544 3589 Horrida,
564 3539 646 3593 quam
665 3523 747 3579 densi
764 3524 933 3595 conplerant
948 3524 1082 3590 undique
1097 3520 1220 3577 sentem

405 3597 481 3649 Rara
495 3615 550 3667 per
567 3601 691 3657 occultos
711 3602 831 3660 lucebat
848 3602 961 3659 semita
977 3599 1077 3656 calles.

392 3670 550 3740 Euryalum
571 3679 717 3739 tenebrae
736 3698 897 3740 ranrorum
913 3684 1109 3740 onerosam,tm
1123 3653 1251 3769 iffi&
