3467 4367
467 609 514 657 122
575 645 581 660 -
730 607 912 656 AENEIDOS
935 609 1005 658 LIB.
1030 609 1068 658 ΙΙ.

467 688 522 743 Sed
540 706 585 744 me
602 704 701 757 magna
719 688 802 743 deum
821 688 955 743 Genetrix
973 690 1015 743 his
1033 692 1143 747 detinet
1162 694 1228 748 erin

467 766 582 835 lemque
599 765 666 832 vale,
685 769 715 819 et
733 765 790 818 nati
809 782 887 819 serva
906 768 1057 822 eommunis
1076 787 1207 824 amorem.

467 843 546 897 Heee
556 840 605 896 ubi
617 841 691 895 dicte
704 840 790 909 dedit,
803 841 992 896 lacrimantem
1002 847 1032 897 et
1040 846 1129 899 multe
1138 845 1283 901 volentem
1298 860 1336 901 ree

467 921 565 975 Dicere
583 919 713 986 deseruit,
731 917 877 986 tenuisque
895 921 1010 974 recessit
1027 921 1056 974 in
1075 937 1165 975 eures.

468 998 522 1052 Ter
538 1000 651 1050 conatus
668 994 706 1048 ibi
723 994 791 1049 eollo
809 994 876 1049 dure
893 994 1020 1051 breeebie
1037 997 1153 1053 circum:

467 1076 521 1130 Ter
536 1076 640 1128 frustra
657 1089 808 1141 conprensa
825 1088 922 1126 manue
941 1072 1037 1142 effugit
1055 1073 1154 1142 imago,

468 1153 523 1207 Per
539 1150 644 1205 levibus
661 1150 751 1204 ventis
768 1148 927 1218 volucrique
945 1150 1082 1204 simillime
1099 1166 1203 1206 somno.

503 1230 546 1283 Sic
564 1228 674 1281 demum
693 1228 779 1281 socies
796 1231 957 1296 consumpte
975 1231 1055 1281 noete
1073 1227 1170 1282 reviso.
1295 1242 1333 1283 ree

470 1307 563 1373 Atque
580 1304 624 1357 bie
641 1304 781 1373 ingentem
799 1304 929 1357 couritum
948 1303 1097 1358 adfluxisse
1113 1319 1248 1357 novorum

469 1382 583 1435 Invenio
600 1380 739 1435 admirans
756 1397 906 1443 numerum,
924 1382 1088 1449 matresque,
1106 1380 1244 1448 viresque,

469 1457 617 1512 Collectem
635 1457 729 1512 exsilio
747 1455 855 1525 pubem,
873 1456 1029 1510 miserabile
1046 1456 1149 1525 volgus„

469 1534 598 1604 Undique
616 1550 773 1600 convenere,
791 1533 888 1587 animis
906 1531 1056 1601 opibusque
1072 1533 1171 1602 parati,

469 1611 503 1664 In
520 1626 705 1679 quaecumque
722 1609 803 1663 velim
822 1609 919 1678 pelage
937 1608 1074 1664 deducere
1091 1612 1189 1666 terres.
1291 1626 1330 1665 eeu

471 1688 585 1756 Iamque
602 1687 671 1755 iugis
690 1702 810 1739 summae
828 1685 959 1753 surgebat
977 1685 1086 1741 Lucifer
1103 1686 1174 1754 idue

471 1763 651 1832 Ducebatque
670 1763 752 1830 diem,
771 1762 913 1830 Danaique
931 1761 1042 1816 obsessa
1058 1761 1192 1817 tenebant

470 1839 577 1893 Limine
594 1843 742 1907 portanrm,
759 1854 810 1891 nee
827 1855 889 1907 spes
907 1838 966 1907 opis
982 1837 1038 1891 ulla
1056 1836 1189 1903 debetur3

470 1914 547 1969 cessi
565 1917 593 1967 et
611 1912 719 1967 sublato
736 1913 838 1967 montis
853 1914 979 1981 genitore
995 1913 1089 1983 petivi.
