3467 4367
654 625 861 676 GEORGIOON
885 625 954 677 LIB.
977 626 1015 675 IL
1244 631 1274 675 45

413 708 491 761 Ante
508 706 597 761 locum
615 708 731 762 similem
749 708 905 774 exquirimt,
924 708 972 761 ubi
990 708 1079 777 prima
1095 712 1208 778 peretur

413 783 570 838 Arboribus
589 800 675 851 seges,
693 793 723 837 et
740 800 795 852 quo
813 800 877 836 mox
896 783 1004 851 digesta
1021 784 1134 852 feratur,

413 859 553 913 Mutatsm
570 860 700 927 ignorent
718 860 809 915 subito
828 876 864 913 ne
882 860 986 912 semina
1004 863 1129 915 matrem.
1204 871 1213 889 ⁸

414 935 487 1000 Quin
505 936 589 989 etiem
607 936 675 989 caeli
693 936 832 1003 regionem
851 936 878 987 in
898 935 1000 989 cortice
1018 937 1134 1004 signant,

413 1013 462 1078 Ut,
481 1029 536 1081 quo
554 1028 680 1081 quaeque
698 1011 779 1064 modo
798 1011 917 1078 steterit,
937 1028 991 1079 qua
1008 1015 1088 1080 parte
1106 1013 1210 1068 calores
1237 1030 1274 1069 ero

413 1088 562 1143 Austrinos
582 1088 686 1155 tulerit,
705 1091 873 1156 quae'tergn
891 1087 1043 1141 obverterit
1060 1089 1114 1157 axi,

414 1164 592 1219 Restituunt:
611 1164 681 1218 sdeo
698 1163 728 1217 in
746 1164 849 1218 teneris
868 1180 1045 1218 consuescere
1063 1165 1180 1219 multum
1200 1171 1250 1220 est.

413 1240 538 1295 Collibus
555 1258 591 1295 un
609 1241 690 1310 plano
708 1240 805 1298 melius
824 1241 860 1293 sit
879 1256 981 1307 poucre
999 1240 1091 1308 vitem,

414 1317 523 1383 Quaere
534 1318 624 1387 prius.
660 1316 689 1372 Si
707 1316 816 1386 pinguis
833 1332 914 1383 agros
932 1316 1072 1370 metabere
1089 1317 1186 1385 compi,

413 1394 508 1449 Denso
516 1411 593 1460 serc;
608 1394 635 1447 in
647 1394 731 1448 denso
743 1410 796 1447 non
809 1392 919 1460 segnior
930 1391 1016 1446 ubere
1030 1393 1151 1447 Bacchus
1158 1414 1165 1458 ;
1237 1407 1272 1446 275

413 1470 464 1525 sin
481 1470 594 1524 tumulis
612 1469 717 1522 adclive
735 1469 822 1521 solum
839 1468 970 1537 collisque
989 1469 1107 1537 supinos,

415 1546 535 1615 Indulge
551 1545 701 1612 ordinibus,
718 1561 769 1597 nec
787 1545 872 1598 setius
890 1544 978 1598 omnis
995 1544 1023 1597 in
1040 1561 1160 1613 unguem

414 1621 571 1675 Arboribus
589 1621 685 1689 positis
703 1625 779 1673 secto
797 1621 841 1674 via
853 1621 945 1683 ,limite
964 1621 1089 1689 quadret.

414 1697 456 1752 Ut
475 1713 556 1766 saepe
573 1696 680 1765 ingenti
697 1696 769 1750 bello
787 1713 848 1750 cum
866 1697 947 1765 longa
964 1697 1090 1750 cobortes

413 1773 552 1842 Explicuit
570 1774 648 1841 legio,
666 1776 696 1826 et
714 1788 809 1841 campo
827 1773 906 1826 stetit
924 1790 1021 1841 agmen
1040 1778 1144 1843 aperto,
1237 1781 1274 1819 2⁸⁰*

413 1849 597 1921 Directncque
615 1849 694 1916 ecies,
712 1865 744 1902 ac
761 1849 818 1903 late
835 1850 950 1903 fluctuat
968 1850 1055 1903 omnis

415 1928 492 1979 Aere
509 1924 648 1979 renidenti
667 1924 756 1993 tellus,
774 1924 891 1979 necdum
909 1925 1020 1978 horrida
1037 1924 1155 1980 miscent

415 2001 530 2069 Proelia,
548 2001 598 2055 sed
615 2000 714 2055 dubius
733 2001 829 2054 mediis
849 2002 923 2053 Mers
942 2004 1017 2055 errat
1034 2001 1063 2054 iu
1081 2003 1182 2069 armis3

414 2077 515 2131 Omnia
532 2077 588 2131 sint
605 2078 718 2147 paribus
737 2077 856 2130 numeris
875 2077 999 2131 dimensa
1017 2078 1137 2143 viarum;

398 2153 400 2157 ’
414 2154 441 2207 N
442 2169 478 2207 on
495 2154 615 2208 animum
634 2154 715 2207 modo
733 2154 773 2206 uti
791 2156 886 2221 pascat
903 2158 1064 2222 prospectus
1081 2155 1198 2221 inanem,
1234 2171 1269 2208 nse

414 2228 472 2283 Sed
489 2230 555 2298 quia
571 2246 625 2283 uon
643 2229 725 2283 aliter
742 2229 808 2281 viris
826 2228 904 2283 dabit
921 2229 1046 2283 omnibus
1064 2247 1167 2298 aequas

414 2305 507 2373 Terra,
525 2322 614 2374 neque
632 2305 659 2358 in
678 2316 791 2359 vacuum
809 2308 940 2372 poterunt
957 2322 986 2359 se
1005 2307 1157 2366 extendere
1174 2307 1251 2361 remi.

450 2380 579 2434 Forsitan
596 2386 626 2436 et
643 2371 783 2436 scrobibus
801 2396 872 2447 quse
891 2381 946 2434 sint
964 2382 1072 2449 fastigia
1090 2398 1214 2453 quaeras.
1260 2408 1264 2416 ·

415 2457 515 2512 Ausim
532 2458 576 2512 vel
593 2458 671 2512 tenui
689 2457 772 2510 vitem
791 2459 962 2510 committere
980 2457 1062 2512 sulco.

415 2533 508 2588 Altior
525 2551 557 2588 ac
574 2536 683 2604 penitus
701 2537 793 2588 terrae
811 2534 942 2602 defigitur
960 2534 1049 2602 orbos,
1235 2553 1271 2590 esi

415 2610 551 2664 Aesculus
568 2611 596 2663 in
611 2610 714 2680 primis,
733 2628 811 2680 quse,
830 2615 963 2680 quantum
981 2612 1082 2666 vertice
1100 2613 1136 2666 ad
1154 2629 1234 2667 surus

415 2686 571 2755 Aetherius,
588 2689 697 2741 tautum
715 2687 807 2741 radice
825 2688 853 2739 in
873 2687 986 2741 Tartara
1004 2689 1102 2743 tendit.

415 2763 489 2831 lingo
506 2779 559 2816 non
577 2762 682 2817 hiemes
700 2762 782 2830 illam,
800 2780 854 2816 uon
874 2763 966 2829 flabra,
985 2780 1074 2832 neque
1093 2765 1194 2820 imbres

415 2838 593 2905 Convellunt3
611 2839 715 2894 inmota
732 2843 832 2905 menet,
852 2841 1008 2908 multosque
1027 2844 1148 2909 nepotes,

414 2914 505 2969 Mults
522 2915 611 2969 virum
629 2916 740 2970 volvens
758 2916 883 2970 durando
902 2917 1009 2970 sacculo
1027 2916 1126 2981 vincit3
1236 2934 1271 2971 ese

414 2990 484 3045 Tum
502 2992 582 3045 fortis
598 2992 656 3045 late
674 3009 765 3045 ramos
782 2998 812 3046 et
829 2992 958 3046 bracchia
975 2993 1093 3046 tendens

416 3067 479 3121 Huc
496 3068 569 3135 illuc,
587 3068 679 3121 media
697 3068 757 3137 ipse
773 3068 914 3137 ingentem
933 3071 1051 3124 sustinet
1068 3069 1200 3124 umbram.

449 3145 476 3198 N
478 3162 528 3199 eve
546 3145 597 3199 tibi
615 3145 652 3198 sd
670 3146 754 3199 solem
773 3150 888 3213 vergant
906 3147 998 3200 vineta
1016 3147 1174 3212 cadentem

415 3223 493 3276 Neve
510 3221 584 3275 iuter
602 3222 665 3276 vitis
683 3222 802 3289 corylum
821 3238 898 3288 serc;
917 3238 984 3275 neve
1003 3222 1109 3289 flagella

415 3298 528 3354 Summa
535 3302 608 3366 pete,
619 3301 668 3368 out
678 3314 784 3351 summa
793 3298 919 3365 defringe
929 3314 963 3351 ex
973 3297 1070 3351 arbore
1079 3299 1203 3366 plantas;
1233 3312 1271 3351 soc

414 3372 520 3433 'lentus
537 3390 614 3426 amor
631 3378 739 3438 terroe3
756 3390 810 3427 neu
828 3374 902 3427 ferro
920 3373 999 3427 laede
1017 3377 1128 3427 retunso

415 3450 542 3515 Semins3
559 3466 628 3504 neve
645 3450 722 3504 oleae
740 3450 877 3506 silvestris
893 3450 988 3507 insere
1005 3453 1140 3506 truscos:

409 3526 480 3610 Nem
497 3541 581 3593 scope
597 3526 719 3583 incautis
735 3530 904 3600 pastoribus
925 3530 1039 3586 excidit
1054 3527 1147 3597 igniis,

399 3597 457 3664 ΟΨ)
476 3598 573 3653 ΜΠ]
589 3604 694 3673 Pingui
713 3609 845 3677 primum
867 3611 1060 3668 sub-cortice
1078 3607 1196 3678 tectus,

384 3667 497 3724 ΜΨ
516 3682 701 3756 ΟΟΠΡΡθῡᾶῘὲ,
721 3687 917 3767 frondesque
940 3693 1068 3763 clapsus
1086 3684 1126 3739 iu
1141 3677 1230 3733 um&
1315 3662 1367 3704 ’ὥ
