3467 4367
506 687 510 695 ι
689 625 958 674 hemmincsile.
977 625 1059 673 V111.
1258 626 1307 678 aaa

454 705 573 771 Lumina,
592 704 645 756 rite
663 704 734 755 mvis
752 703 854 756 undam
874 703 909 757 de
928 703 1037 757 flumine
1055 703 1153 773 palmis

450 780 582 847 Sustinet,
600 793 632 831 ac
649 777 712 831 talis
730 778 844 832 effundit
861 779 898 832 ad
915 779 1028 834 aethera
1044 796 1137 833 voces:
1276 794 1300 837 ao

450 855 600 923 Nymphae,
613 854 764 908 Laurentes
776 854 926 923 Nymphae,
938 872 1024 924 genus
1036 855 1161 910 amnibus
1169 856 1244 912 unde
1253 862 1303 927 est,

450 933 551 1000 Tuque,
569 947 586 983 o
605 930 705 999 Thybri
723 933 771 985 tuo
787 931 897 998 genitor
915 948 976 985 cum
995 932 1106 986 flumine
1124 936 1226 999 sancto,

449 1007 575 1075 Accipite
595 1008 714 1072 Aenean,
734 1010 764 1060 et
781 1006 893 1060 tandem
913 1011 1004 1061 arcete
1022 1008 1137 1076 periclis.

449 1083 509 1148 Quo
527 1086 556 1137 te
573 1099 690 1150 cumque
707 1083 789 1149 lacus,
807 1084 985 1137 miserantem
1003 1084 1174 1139 incommoda
1192 1089 1294 1158 nostra,

449 1161 537 1215 Fonte
555 1162 639 1224 tenet,
658 1174 829 1227 quocumque
847 1159 904 1213 solo
922 1160 1120 1228 pulcherrimus
1138 1163 1203 1232 exis,
1277 1176 1302 1220 vs
1344 1177 1346 1181 ·

448 1236 563 1305 Semper
581 1235 682 1289 honore
700 1251 768 1302 meo,
787 1252 894 1304 semper
912 1236 1086 1290 celebrabere
1105 1237 1191 1307 donis,

449 1312 580 1379 Corniger
600 1312 784 1380 Hesperidum
803 1311 916 1365 Fluvius
934 1316 1062 1379 regnator
1080 1330 1225 1381 aquarum,-

449 1387 536 1440 Adsis
553 1404 569 1440 c
588 1390 696 1440 tantum
714 1392 743 1441 et
760 1388 872 1456 propius
890 1393 939 1442 tua
956 1389 1068 1442 numina
1085 1388 1185 1444 firmes.

449 1463 494 1518 Sic
512 1466 652 1531 memorat,
670 1463 846 1531 geminasque
863 1464 932 1531 legit
950 1464 985 1517 de
1003 1464 1088 1518 classe
1106 1465 1224 1533 biremis,

406 1564 411 1573 ·
449 1540 629 1608 Remigioque
648 1543 740 1608 aptat3
758 1539 844 1592 socios
862 1540 942 1592 simul
960 1540 1072 1593 instruit
1090 1542 1179 1594 armis.
1277 1558 1302 1597 so

483 1616 553 1670 Ecce
565 1620 656 1669 autem
671 1615 790 1668 subitum
802 1618 886 1683 atque
902 1614 986 1668 oculis
1001 1616 1125 1670 mirabile
1141 1619 1301 1686 monstrum,

448 1693 572 1748 Candida
589 1709 639 1761 per
657 1692 750 1745 silvam
769 1708 831 1745 cum
848 1693 908 1745 fetu
925 1692 1049 1745 concolor
1067 1693 1128 1747 albo

450 1768 597 1823 Procubuit
615 1768 751 1837 viridique
771 1768 799 1821 in
818 1768 898 1821 litore
917 1768 1081 1836 conspicitur
1099 1786 1158 1823 sus:

449 1846 535 1910 Quam
553 1846 615 1916 pius
633 1846 744 1899 Aeneas
762 1844 813 1898 tibi
832 1844 911 1914 enim,
930 1843 989 1911 tibi,
1008 1860 1135 1899 maxuma
1154 1847 1231 1914 luno,

448 1922 560 1992 Mactat,
580 1939 657 1976 saera
674 1922 771 1989 ferens,
789 1926 897 1979 etcum
915 1937 1000 1989 grege
1018 1921 1092 1975 sistit
1109 1921 1146 1975 ad
1163 1938 1245 1976 aram.
1275 1937 1301 1976 ss

448 1998 563 2066 Thybris
581 2015 614 2052 ea
631 1999 749 2065 fluvium,
768 2015 850 2067 quam
859 1998 950 2065 longa
967 2000 1018 2065 est,
1036 2001 1116 2052 nocte
1135 1999 1288 2051 tumentem

449 2075 547 2141 Leniit,
566 2077 596 2127 et
614 2074 697 2127 tacita
714 2074 832 2128 refluens
849 2073 889 2127 ita
908 2073 1032 2139 substitit
1051 2073 1141 2141 unda,

428 2157 429 2160 ’
449 2150 527 2202 Mitis
545 2150 622 2203 utin
641 2166 745 2203 morem
763 2149 852 2215 stagni
870 2148 1048 2217 placidaeque
1067 2149 1174 2216 paludis

449 2224 591 2277 Sterneret
609 2240 711 2291 aequor
727 2224 812 2290 aquis,
830 2240 905 2277 remo
924 2227 955 2277 ut
973 2223 1109 2277 luctamen
1127 2223 1243 2279 abesset.

450 2299 523 2365 Ergo
540 2299 595 2351 iter
612 2299 750 2366 inceptum
767 2298 888 2351 celerant
906 2315 1015 2353 rumore
1033 2300 1157 2353 secundo.
1282 2300 1307 2339 ⁹⁰
1356 2318 1358 2323 ·

450 2373 565 2426 Labitur
582 2378 664 2427 uncta
681 2374 758 2427 vadis
776 2373 864 2439 abies;
881 2374 1015 2428 mirantur
1027 2379 1062 2430 'et
1078 2374 1176 2442 undae,

436 2449 568 2502 'Miratur
586 2468 682 2504 nemus
699 2450 835 2503 insuetum
852 2450 985 2518 fulgentia
1002 2452 1082 2519 louge

449 2525 532 2579 Scuta
549 2526 637 2580 virum
654 2527 735 2580 fluvio
760 2526 903 2595 pictasque
920 2526 1014 2581 innare
1032 2528 1144 2581 carinas.

449 2602 502 2655 Olli
521 2603 633 2671 remigio
651 2606 813 2670 noctemque
831 2602 959 2672 diemque
976 2604 1101 2671 seligant,

449 2679 486 2731 Et
504 2677 598 2746 longos
617 2682 747 2747 superant
763 2678 858 2746 flexus,
876 2679 1013 2748 variisque
1030 2682 1162 2748 tegrmtur
1277 2694 1302 2734 ss

451 2754 611 2822 Arboribus,
628 2755 777 2823 viridisque
795 2759 888 2808 secant
906 2755 1012 2822 placido
1030 2771 1149 2823 aequore
1167 2754 1254 2809 siluas.

449 2831 494 2885 Sol
513 2831 633 2884 medium
651 2830 718 2884 caeli
735 2831 931 2885 conscenderat
948 2831 1044 2898 igneus
1062 2830 1163 2896 orbem,

449 2908 519 2961 Cum
537 2923 628 2959 muros
646 2922 791 2974 arcemque
809 2906 903 2974 procul
921 2922 953 2959 ac
971 2923 1033 2959 rara
1051 2905 1193 2959 domorum

449 2982 533 3036 Tecta
550 2982 659 3046 vident;
678 2998 749 3051 quae
767 2998 839 3035 nunc
858 2981 982 3034 Romana
998 2981 1123 3050 potentia
1139 2980 1215 3036 caelo

453 3060 603 3128 Aequauit3
621 3063 681 3113 tum
699 3075 744 3111 res
761 3057 855 3127 inopes
874 3057 1019 3111 Euandrus
1036 3057 1162 3112 habebat.
1267 3070 1304 3111 100

450 3134 532 3188 Ocius
549 3136 697 3188 advertunt
715 3150 817 3202 proras,
835 3132 951 3202 urbique
969 3133 1159 3201 propinquant.

486 3210 569 3265 sorte
587 3211 632 3265 die
650 3211 807 3266 sollemnem
825 3209 872 3263 illo
890 3227 940 3264 rex
959 3211 1047 3263 Arcas
1065 3208 1194 3263 honorem

452 3285 713 3355 Amphitryoniadae
730 3302 829 3354 magno
847 3286 971 3354 divisque
988 3284 1096 3339 ferebat

453 3361 527 3412 Ante
544 3362 641 3415 urbem
656 3364 685 3416 in
703 3364 771 3418 luco.
809 3362 898 3415 Pallas
915 3361 978 3415 huie
996 3361 1067 3414 filius
1083 3377 1145 3428 una,

451 3436 514 3488 Una
531 3452 624 3489 omnes
640 3438 767 3491 iuvenum
785 3438 866 3507 primi
884 3453 1042 3507 pauperque
1061 3440 1175 3489 senatus
1268 3448 1314 3483 xus

451 3510 524 3564 Tura
541 3511 650 3574 dabant
668 3513 833 3584 tepidusque
851 3531 934 3570 cruor
951 3512 1085 3567 lmnabat
1100 3510 1144 3563 ad
1157 3519 1238 3559 suaa-

447 3586 486 3639 Ut
502 3587 588 3641 celsas
606 3587 703 3644 ridere
720 3594 805 3662 rates,
825 3596 916 3665 atque
934 3592 1016 3647 inter
1035 3598 1166 3657 opacum

432 3660 540 3714 Adlabi
556 3679 664 3733 nemus,
684 3670 716 3722 et
734 3671 838 3727 tacitis
857 3669 1039 3727 incumbere
1054 3660 1169 3719 reulus..
