3467 4367
473 633 506 680 12
707 628 738 679 Ρ.
756 626 910 676 VERGILI
926 628 1093 677 MARONIS

472 708 551 762 Haec
566 708 619 764 tibi
637 724 745 776 semper
762 710 851 776 erunt,
868 710 899 762 et
916 724 978 762 oum
996 708 1138 762 sollemnia
1154 712 1219 763 vota

470 784 631 839 Reddemus
648 784 791 852 Nymphis,
808 788 838 837 et
856 800 918 837 cum
935 784 1113 838 lustrabimus
1130 801 1218 851 agros.
1303 801 1330 843 rt

469 860 543 914 Dum
560 861 625 928 iuga
642 860 745 913 montis
761 876 835 928 aper,
853 859 951 913 fluvios
968 860 1034 913 dum
1052 861 1135 929 piscis
1152 861 1263 930 amabit,

467 936 597 1005 Dumque
616 937 709 1004 thymo
727 940 878 1005 pascentur
896 953 968 1003 apes,
988 936 1053 989 dum
1071 954 1133 990 rore
1152 938 1269 1006 cicadae,

469 1012 583 1081 Semper
594 1013 681 1066 honos
692 1029 847 1081 nomenque
859 1017 939 1067 tuum
951 1013 1103 1081 laudesque
1120 1013 1278 1068 manebunt

468 1088 510 1143 Ut
528 1089 635 1143 Baccho
655 1087 812 1157 Cererique,
831 1088 885 1143 tibi
903 1089 942 1143 sic
960 1092 1024 1142 vota
1042 1092 1110 1157 quot
1128 1089 1205 1142 annis

470 1165 615 1233 Agricolae
632 1165 752 1230 facient3
769 1165 913 1218 damnabis
931 1168 963 1218 ιιι
981 1181 1091 1233 quoque
1109 1165 1186 1218 votis.
1302 1181 1329 1221 eo

502 1242 562 1295 Mo.
581 1242 657 1307 Quae
669 1240 730 1309 tibi,
742 1257 813 1309 quae
825 1241 875 1295 tali
888 1241 1005 1294 reddam
1016 1256 1067 1309 pro
1078 1240 1197 1293 carmine
1210 1242 1302 1296 donat

468 1316 541 1371 Nam
558 1333 647 1386 neque
664 1333 709 1370 me
726 1320 836 1371 tantum
853 1316 991 1371 venientis
1009 1316 1105 1370 sibilus
1122 1315 1216 1383 austri,

468 1393 528 1448 Nec
543 1410 672 1462 percussa
689 1393 786 1448 iuvant
802 1393 889 1446 fluctu
906 1396 964 1446 tam
981 1392 1071 1459 litora,
1089 1408 1139 1446 neo
1157 1408 1228 1460 quae

469 1470 586 1524 Saxoses
602 1470 676 1524 inter
693 1469 844 1525 decummt
861 1469 974 1522 flumina
991 1468 1083 1522 valles.

468 1547 524 1601 Mc.
544 1547 606 1599 Hac
622 1539 651 1601 te
668 1562 718 1600 nos
735 1546 827 1614 fragili
846 1545 1009 1600 donabimus
1026 1548 1091 1598 ante
1108 1544 1204 1598 cicuta
1304 1563 1330 1601 as

469 1620 547 1676 Haec
563 1638 621 1690 nos,
640 1623 801 1675 Formosum
820 1622 946 1691 Corydon
964 1621 1080 1675 ardebat
1099 1620 1219 1688 Alexim,
1244 1669 1264 1682 ,,

469 1698 547 1752 Hace
564 1699 661 1752 eadem
679 1698 782 1765 docuit,
801 1697 900 1751 Cuium
918 1698 1022 1765 pecusl
1040 1713 1076 1750 an
1094 1693 1246 1751 Meliboei?
1351 1739 1355 1746 .

468 1775 526 1828 Mo.
540 1777 581 1828 At
592 1778 624 1828 tu
636 1790 713 1828 sume
725 1774 836 1842 pedum,
848 1773 931 1841 quod,
944 1789 989 1826 me
1001 1790 1063 1826 cum
1075 1788 1157 1840 saepe
1169 1776 1289 1840 rogaret,

468 1850 494 1903 N
497 1868 531 1904 on
549 1851 614 1904 tulit
633 1850 850 1917 Antigenes-et
868 1852 929 1903 erat
946 1853 1007 1902 tum
1025 1848 1125 1916 dignus
1142 1851 1262 1902 amari—-

395 1919 399 1927 '
468 1926 629 1980 Formosum
645 1925 759 1993 paribus
776 1925 857 1979 nodis
875 1929 961 1993 atque
978 1941 1052 1992 aere,
1070 1924 1204 1979 Menalca.
1304 1941 1331 1979 so

758 2094 950 2153 ECLOGA
978 2096 1037 2155 VI.

830 2210 965 2259 VARUS.

467 2311 566 2369 Parus
583 2316 723 2386 Syracosio
740 2314 855 2384 dignata
874 2319 918 2370 est
935 2316 1031 2370 ludere
1049 2331 1131 2370 versu

466 2384 569 2445 Nostra
586 2410 636 2447 uec
654 2391 766 2446 erubuit
784 2392 868 2446 silvas
886 2391 1014 2446 habitare
1033 2391 1136 2445 Thalia.

466 2464 536 2519 Cum
553 2483 678 2522 canerem
695 2484 774 2534 reges
792 2470 822 2520 et
839 2468 951 2536 proclia,
970 2467 1104 2534 Cynthius
1122 2482 1216 2521 aurem

467 2536 558 2607 vellit,
576 2546 606 2597 et
624 2542 784 2597 admonuit:
804 2542 956 2609 Pastorem,
976 2542 1077 2609 Tityre,
1096 2541 1206 2609 pinguis

467 2613 583 2673 Poscere
600 2622 710 2688 oportet
728 2618 793 2685 ovis,
811 2616 962 2671 deductum
982 2617 1072 2670 dicore
1091 2632 1207 2670 carmen
1318 2637 1332 2675 5

466 2691 548 2747 Nunc
559 2710 765 2761 ego-namque
777 2709 861 2762 super
874 2692 928 2745 tibi
940 2694 1029 2756 eruut,
1042 2691 1092 2760 qui
1105 2691 1196 2746 dicere
1208 2692 1314 2764 laudes,

469 2766 550 2839 Varo,
567 2774 629 2824 tuas
647 2770 757 2838 cupiant
775 2772 805 2822 et
822 2769 915 2821 tristia
932 2766 1052 2821 condere
1071 2767 1179 2821 bella-

468 2846 617 2913 Agrestem
634 2845 711 2900 tenui
727 2843 885 2898 meditabor
903 2844 1037 2898 arundine
1056 2844 1173 2899 Musam.

467 2920 494 2974 N
496 2938 530 2974 ou
542 2922 644 2975 iniussa
655 2937 728 2975 cano.
764 2920 793 2973 Si
806 2920 868 2989 qula
881 2924 973 2973 tamen
986 2921 1054 2973 haec
1067 2937 1184 2989 quoque,
1196 2922 1219 2975 si
1233 2924 1295 2991 quis

391 2997 394 3002 '
469 2997 573 3065 Captus
590 3014 682 3051 amore
699 2996 782 3064 leget,
801 2999 831 3050 te
848 3000 965 3063 nostrae,
987 2996 1068 3063 Vare,
1088 2999 1215 3066 myricae,
1306 3014 1333 3053 ιο

468 3072 507 3127 Tc
524 3090 620 3148 nemus¹
637 3089 717 3126 omne
736 3075 816 3125 canet
826 3093 833 3139 ;
851 3090 902 3126 uec
922 3072 1034 3127 Phoebo
1053 3075 1159 3142 gratior
1177 3075 1234 3128 ulla
1252 3078 1303 3143 est,

469 3150 557 3214 Quam
575 3149 626 3202 sibi
644 3165 715 3218 quae
734 3148 802 3202 Vari
819 3149 1000 3219 praescripsit
1017 3152 1118 3218 pagina
1135 3168 1242 3206 nomen.

503 3226 622 3294 Pergite,
642 3224 773 3279 Pierides.
810 3225 937 3279 Chromis
955 3229 984 3280 et
1002 3226 1142 3295 Mnasylos
1159 3228 1188 3282 in
1206 3230 1287 3281 antro

452 3302 590 3356 ‚Silenum
608 3302 686 3370 puori
704 3318 798 3356 somno
817 3302 919 3358 videre.
929 3302 1073 3369 iacentem,

469 3378 600 3432 Inflatum
617 3378 747 3432 hesterno
764 3394 855 3446 renas,
874 3382 906 3433 ut
923 3395 1039 3448 semper,
1059 3377 1173 3432 Iaccho:
1311 3393 1335 3430 ιι

461 3454 547 3506 Serta
559 3454 660 3520 procul
680 3458 790 3509 tantum
807 3455 891 3524 capiti
912 3454 1023 3522 delapsa
1041 3454 1175 3521 iacebant,

442 3521 488 3573 Et
500 3529 602 3589 gravis
618 3532 722 3585 attrita
740 3532 889 3602 pendebat
909 3532 1062 3587 cantharus
1078 3546 1155 3583 ansa„

428 3588 686 3659 Adgressi-nam
710 3626 802 3680 saepe
822 3628 915 3667 senex
933 3627 988 3680 spe
1004 3607 1140 3664 samius
1155 3603 1240 3656 ambo

440 3676 732 3744 werec-iniierunt
748 3689 828 3759 ipsis
847 3708 891 3746 ex
912 3689 1031 3745 vincula
1050 3684 1150 3739 sertis.
