<?xml version="1.0" encoding="UTF-8"?>
<!DOCTYPE html PUBLIC "-//W3C//DTD XHTML 1.0 Transitional//EN"
    "http://www.w3.org/TR/xhtml1/DTD/xhtml1-transitional.dtd">
<html xmlns="http://www.w3.org/1999/xhtml" xml:lang="en" lang="en">
 <head>
  <title>
</title>
<meta http-equiv="Content-Type" content="text/html;charset=utf-8" />
  <meta name='ocr-system' content='tesseract 3.04.00' />
  <meta name='ocr-capabilities' content='ocr_page ocr_carea ocr_par ocr_line ocrx_word'/>
</head>
<body>
  <div class='ocr_page' id='page_1' title='image "./publivergilimar02virggoog/publivergilimar02virggoog_0032.png"; bbox 0 0 3467 4367; ppageno 0'>
   <div class='ocr_carea' id='block_1_1' title="bbox 430 634 1055 685">
    <p class='ocr_par' dir='ltr' id='par_1_1' title="bbox 430 634 1055 685">
     <span class='ocr_line' id='line_1_1' title="bbox 430 634 1055 685; baseline -0.003 -1"><span class='ocrx_word' id='word_1_1' title='bbox 430 635 461 685; x_wconf 73' lang='lat' dir='ltr'><strong>m</strong></span> <span class='ocrx_word' id='word_1_2' title='bbox 659 634 689 683; x_wconf 89' lang='grc' dir='ltr'><strong>Ρ.</strong></span> <span class='ocrx_word' id='word_1_3' title='bbox 710 634 865 683; x_wconf 83' lang='lat' dir='ltr'>VERGILI</span> <span class='ocrx_word' id='word_1_4' title='bbox 888 634 1055 682; x_wconf 76' lang='lat' dir='ltr'><strong>MARONIS</strong></span> 
     </span>
    </p>
   </div>
   <div class='ocr_carea' id='block_1_2' title="bbox 362 712 1297 3672">
    <p class='ocr_par' dir='ltr' id='par_1_2' title="bbox 430 712 1073 782">
     <span class='ocr_line' id='line_1_2' title="bbox 430 712 1073 782; baseline 0 -14"><span class='ocrx_word' id='word_1_5' title='bbox 430 714 517 769; x_wconf 82' lang='lat' dir='ltr'>Venit</span> <span class='ocrx_word' id='word_1_6' title='bbox 533 718 563 769; x_wconf 88' lang='lat' dir='ltr'><strong>et</strong></span> <span class='ocrx_word' id='word_1_7' title='bbox 580 713 683 782; x_wconf 87' lang='lat' dir='ltr'><strong>agresti</strong></span> <span class='ocrx_word' id='word_1_8' title='bbox 702 713 801 782; x_wconf 89' lang='lat' dir='ltr'><strong>capitis</strong></span> <span class='ocrx_word' id='word_1_9' title='bbox 820 713 944 767; x_wconf 84' lang='lat' dir='ltr'><strong>Silvanus</strong></span> <span class='ocrx_word' id='word_1_10' title='bbox 962 712 1073 781; x_wconf 91' lang='lat' dir='ltr'><strong>honore,</strong></span> 
     </span>
    </p>

    <p class='ocr_par' dir='ltr' id='par_1_3' title="bbox 381 789 1288 1012">
     <span class='ocr_line' id='line_1_3' title="bbox 381 789 1288 857; baseline -0.003 -13"><span class='ocrx_word' id='word_1_11' title='bbox 381 849 383 854; x_wconf 67' lang='lat'>,</span> <span class='ocrx_word' id='word_1_12' title='bbox 430 790 569 844; x_wconf 85' lang='lat' dir='ltr'><strong>Florentis</strong></span> <span class='ocrx_word' id='word_1_13' title='bbox 586 789 688 843; x_wconf 82' lang='lat' dir='ltr'><strong>ferulas</strong></span> <span class='ocrx_word' id='word_1_14' title='bbox 706 793 735 843; x_wconf 91' lang='lat' dir='ltr'><strong>et</strong></span> <span class='ocrx_word' id='word_1_15' title='bbox 752 789 868 857; x_wconf 85' lang='lat' dir='ltr'><strong>grandis</strong></span> <span class='ocrx_word' id='word_1_16' title='bbox 886 790 942 843; x_wconf 91' lang='lat' dir='ltr'><strong>lilia</strong></span> <span class='ocrx_word' id='word_1_17' title='bbox 960 805 1099 857; x_wconf 84' lang='lat' dir='ltr'><strong>quassans.</strong></span> <span class='ocrx_word' id='word_1_18' title='bbox 1263 809 1288 847; x_wconf 75' lang='lat' dir='ltr'><strong>ss</strong></span> 
     </span>
     <span class='ocr_line' id='line_1_4' title="bbox 430 864 1139 934; baseline -0.004 -12"><span class='ocrx_word' id='word_1_19' title='bbox 430 868 488 922; x_wconf 85' lang='lat' dir='ltr'><strong>Pan</strong></span> <span class='ocrx_word' id='word_1_20' title='bbox 506 866 575 919; x_wconf 90' lang='lat' dir='ltr'><strong>deus</strong></span> <span class='ocrx_word' id='word_1_21' title='bbox 594 864 732 918; x_wconf 82' lang='lat' dir='ltr'><strong>Arcadiae</strong></span> <span class='ocrx_word' id='word_1_22' title='bbox 750 865 832 931; x_wconf 82' lang='lat' dir='ltr'><strong>venit,</strong></span> <span class='ocrx_word' id='word_1_23' title='bbox 851 881 934 933; x_wconf 87' lang='lat' dir='ltr'><strong>quern</strong></span> <span class='ocrx_word' id='word_1_24' title='bbox 952 864 1069 919; x_wconf 88' lang='lat' dir='ltr'><strong>vidimus</strong></span> <span class='ocrx_word' id='word_1_25' title='bbox 1085 866 1139 934; x_wconf 88' lang='lat' dir='ltr'><strong>ipsi</strong></span> 
     </span>
     <span class='ocr_line' id='line_1_5' title="bbox 429 940 1105 1012; baseline -0.006 -13"><span class='ocrx_word' id='word_1_26' title='bbox 429 941 589 1012; x_wconf 82' lang='lat' dir='ltr'><strong>Sanguincis</strong></span> <span class='ocrx_word' id='word_1_27' title='bbox 607 940 681 994; x_wconf 89' lang='lat' dir='ltr'><strong>ebuli</strong></span> <span class='ocrx_word' id='word_1_28' title='bbox 700 940 775 995; x_wconf 85' lang='lat' dir='ltr'><strong>bacis</strong></span> <span class='ocrx_word' id='word_1_29' title='bbox 793 941 932 1010; x_wconf 87' lang='lat' dir='ltr'><strong>minioque</strong></span> <span class='ocrx_word' id='word_1_30' title='bbox 952 941 1105 995; x_wconf 89' lang='lat' dir='ltr'><strong>rubentem.</strong></span> 
     </span>
    </p>

    <p class='ocr_par' dir='ltr' id='par_1_4' title="bbox 377 1016 1238 1161">
     <span class='ocr_line' id='line_1_6' title="bbox 377 1016 1238 1089; baseline 0.006 -20"><span class='ocrx_word' id='word_1_31' title='bbox 377 1066 379 1069; x_wconf 86' lang='grc'><em>,</em></span> <span class='ocrx_word' id='word_1_32' title='bbox 428 1019 530 1089; x_wconf 82' lang='lat' dir='ltr'><strong>Ecquis</strong></span> <span class='ocrx_word' id='word_1_33' title='bbox 548 1018 603 1072; x_wconf 84' lang='lat' dir='ltr'><strong>erit</strong></span> <span class='ocrx_word' id='word_1_34' title='bbox 620 1017 734 1071; x_wconf 86' lang='lat' dir='ltr'><strong>modusl</strong></span> <span class='ocrx_word' id='word_1_35' title='bbox 753 1016 859 1086; x_wconf 90' lang='lat' dir='ltr'><strong>inquit;</strong></span> <span class='ocrx_word' id='word_1_36' title='bbox 885 1018 972 1070; x_wconf 88' lang='lat' dir='ltr'><strong>Amor</strong></span> <span class='ocrx_word' id='word_1_37' title='bbox 990 1034 1043 1070; x_wconf 92' lang='lat' dir='ltr'><strong>non</strong></span> <span class='ocrx_word' id='word_1_38' title='bbox 1061 1018 1127 1071; x_wconf 88' lang='lat' dir='ltr'><strong>talia</strong></span> <span class='ocrx_word' id='word_1_39' title='bbox 1144 1022 1238 1086; x_wconf 83' lang='lat' dir='ltr'><strong>eurat;</strong></span> 
     </span>
     <span class='ocr_line' id='line_1_7' title="bbox 428 1090 1177 1161; baseline -0.001 -12"><span class='ocrx_word' id='word_1_40' title='bbox 428 1090 623 1151; x_wconf 57' lang='lat' dir='ltr'><strong>Nec&#39;lacrimis</strong></span> <span class='ocrx_word' id='word_1_41' title='bbox 640 1093 760 1148; x_wconf 89' lang='lat' dir='ltr'><strong>crudelis</strong></span> <span class='ocrx_word' id='word_1_42' title='bbox 780 1095 875 1160; x_wconf 88' lang='lat' dir='ltr'><strong>Amor,</strong></span> <span class='ocrx_word' id='word_1_43' title='bbox 896 1110 946 1147; x_wconf 91' lang='lat' dir='ltr'><strong>nec</strong></span> <span class='ocrx_word' id='word_1_44' title='bbox 963 1094 1088 1161; x_wconf 84' lang='lat' dir='ltr'><strong>gramina</strong></span> <span class='ocrx_word' id='word_1_45' title='bbox 1104 1095 1177 1161; x_wconf 88' lang='lat' dir='ltr'><strong>rivis,</strong></span> 
     </span>
    </p>

    <p class='ocr_par' dir='ltr' id='par_1_5' title="bbox 427 1169 1289 1391">
     <span class='ocr_line' id='line_1_8' title="bbox 428 1169 1289 1242; baseline 0.002 -15"><span class='ocrx_word' id='word_1_46' title='bbox 428 1173 487 1227; x_wconf 89' lang='lat' dir='ltr'><strong>Nec</strong></span> <span class='ocrx_word' id='word_1_47' title='bbox 504 1173 590 1242; x_wconf 84' lang='lat' dir='ltr'><strong>cytiso</strong></span> <span class='ocrx_word' id='word_1_48' title='bbox 608 1174 766 1226; x_wconf 87' lang='lat' dir='ltr'><strong>saturantur</strong></span> <span class='ocrx_word' id='word_1_49' title='bbox 786 1188 859 1241; x_wconf 91' lang='lat' dir='ltr'><strong>apes,</strong></span> <span class='ocrx_word' id='word_1_50' title='bbox 878 1188 929 1225; x_wconf 89' lang='lat' dir='ltr'><strong>nec</strong></span> <span class='ocrx_word' id='word_1_51' title='bbox 948 1169 1047 1224; x_wconf 86' lang='lat' dir='ltr'><strong>fronde</strong></span> <span class='ocrx_word' id='word_1_52' title='bbox 1064 1173 1190 1241; x_wconf 80' lang='lat' dir='ltr'><strong>capellae.</strong></span> <span class='ocrx_word' id='word_1_53' title='bbox 1263 1190 1289 1229; x_wconf 86' lang='lat' dir='ltr'><strong>so</strong></span> 
     </span>
     <span class='ocr_line' id='line_1_9' title="bbox 427 1246 1214 1316; baseline 0.001 -14"><span class='ocrx_word' id='word_1_54' title='bbox 427 1248 525 1302; x_wconf 79' lang='lat' dir='ltr'><strong>&#39;Pristis</strong></span> <span class='ocrx_word' id='word_1_55' title='bbox 542 1252 572 1301; x_wconf 86' lang='lat' dir='ltr'><strong>at</strong></span> <span class='ocrx_word' id='word_1_56' title='bbox 588 1248 648 1303; x_wconf 91' lang='lat' dir='ltr'><strong>ille:</strong></span> <span class='ocrx_word' id='word_1_57' title='bbox 671 1247 773 1301; x_wconf 82' lang='lat' dir='ltr'><strong>Tamen</strong></span> <span class='ocrx_word' id='word_1_58' title='bbox 792 1246 946 1312; x_wconf 82' lang='lat' dir='ltr'><strong>cantabitis,</strong></span> <span class='ocrx_word' id='word_1_59' title='bbox 968 1248 1099 1316; x_wconf 87' lang='lat' dir='ltr'><strong>Arcades,</strong></span> <span class='ocrx_word' id='word_1_60' title='bbox 1117 1249 1214 1316; x_wconf 90' lang='lat' dir='ltr'><strong>inquit,</strong></span> 
     </span>
     <span class='ocr_line' id='line_1_10' title="bbox 428 1323 1088 1391; baseline -0.005 -12"><span class='ocrx_word' id='word_1_61' title='bbox 428 1324 570 1379; x_wconf 77' lang='lat' dir='ltr'><strong>Montibus</strong></span> <span class='ocrx_word' id='word_1_62' title='bbox 587 1324 654 1378; x_wconf 78' lang='lat' dir='ltr'><strong>haec</strong></span> <span class='ocrx_word' id='word_1_63' title='bbox 672 1325 785 1378; x_wconf 87' lang='lat' dir='ltr'><strong>vestris:</strong></span> <span class='ocrx_word' id='word_1_64' title='bbox 806 1323 857 1377; x_wconf 90' lang='lat' dir='ltr'><strong>soli</strong></span> <span class='ocrx_word' id='word_1_65' title='bbox 876 1326 988 1376; x_wconf 88' lang='lat' dir='ltr'><strong>cantare</strong></span> <span class='ocrx_word' id='word_1_66' title='bbox 1006 1325 1088 1391; x_wconf 82' lang='lat' dir='ltr'><strong>periti</strong></span> 
     </span>
    </p>

    <p class='ocr_par' dir='ltr' id='par_1_6' title="bbox 427 1399 1274 1531">
     <span class='ocr_line' id='line_1_11' title="bbox 428 1399 1274 1472; baseline 0.006 -20"><span class='ocrx_word' id='word_1_67' title='bbox 428 1400 560 1455; x_wconf 85' lang='lat' dir='ltr'><strong>Arcades.</strong></span> <span class='ocrx_word' id='word_1_68' title='bbox 598 1399 621 1453; x_wconf 93' lang='grc' dir='ltr'><strong>Ο</strong></span> <span class='ocrx_word' id='word_1_69' title='bbox 639 1400 706 1453; x_wconf 92' lang='lat' dir='ltr'><strong>mihi</strong></span> <span class='ocrx_word' id='word_1_70' title='bbox 724 1403 783 1453; x_wconf 90' lang='lat' dir='ltr'><strong>tum</strong></span> <span class='ocrx_word' id='word_1_71' title='bbox 802 1415 886 1468; x_wconf 86' lang='lat' dir='ltr'><strong>quam</strong></span> <span class='ocrx_word' id='word_1_72' title='bbox 904 1400 1026 1453; x_wconf 82' lang='lat' dir='ltr'><strong>molliter</strong></span> <span class='ocrx_word' id='word_1_73' title='bbox 1043 1417 1104 1455; x_wconf 86' lang='lat' dir='ltr'><strong>ossa</strong></span> <span class='ocrx_word' id='word_1_74' title='bbox 1121 1402 1274 1472; x_wconf 84' lang='lat' dir='ltr'><strong>quiescant,</strong></span> 
     </span>
     <span class='ocr_line' id='line_1_12' title="bbox 427 1475 1091 1531; baseline 0.002 -2"><span class='ocrx_word' id='word_1_75' title='bbox 427 1475 529 1531; x_wconf 87' lang='lat' dir='ltr'><strong>Vestra</strong></span> <span class='ocrx_word' id='word_1_76' title='bbox 548 1493 623 1531; x_wconf 89' lang='lat' dir='ltr'><strong>meos</strong></span> <span class='ocrx_word' id='word_1_77' title='bbox 642 1476 705 1530; x_wconf 79' lang='lat' dir='ltr'><strong>on</strong></span> <span class='ocrx_word' id='word_1_78' title='bbox 725 1476 748 1529; x_wconf 92' lang='lat' dir='ltr'><strong>si</strong></span> <span class='ocrx_word' id='word_1_79' title='bbox 766 1476 859 1529; x_wconf 84' lang='lat' dir='ltr'><strong>fistula</strong></span> <span class='ocrx_word' id='word_1_80' title='bbox 879 1476 953 1530; x_wconf 77' lang='lat' dir='ltr'><strong>dicat</strong></span> <span class='ocrx_word' id='word_1_81' title='bbox 971 1481 1091 1531; x_wconf 88' lang='lat' dir='ltr'><strong>amores!</strong></span> 
     </span>
    </p>

    <p class='ocr_par' dir='ltr' id='par_1_7' title="bbox 428 1550 1286 1695">
     <span class='ocr_line' id='line_1_13' title="bbox 428 1550 1286 1621; baseline 0.008 -17"><span class='ocrx_word' id='word_1_82' title='bbox 428 1552 522 1621; x_wconf 84' lang='lat' dir='ltr'><strong>Atque</strong></span> <span class='ocrx_word' id='word_1_83' title='bbox 539 1553 645 1606; x_wconf 84' lang='lat' dir='ltr'><strong>utinam</strong></span> <span class='ocrx_word' id='word_1_84' title='bbox 664 1568 699 1605; x_wconf 90' lang='lat' dir='ltr'><strong>ex</strong></span> <span class='ocrx_word' id='word_1_85' title='bbox 716 1550 793 1605; x_wconf 87' lang='lat' dir='ltr'><strong>vobis</strong></span> <span class='ocrx_word' id='word_1_86' title='bbox 811 1568 888 1617; x_wconf 87' lang='lat' dir='ltr'><strong>unus,</strong></span> <span class='ocrx_word' id='word_1_87' title='bbox 911 1553 1051 1621; x_wconf 81' lang='lat' dir='ltr'><strong>vestrique</strong></span> <span class='ocrx_word' id='word_1_88' title='bbox 1069 1553 1181 1608; x_wconf 81' lang='lat' dir='ltr'><strong>fuissem</strong></span> <span class='ocrx_word' id='word_1_89' title='bbox 1261 1570 1286 1611; x_wconf 81' lang='lat' dir='ltr'><strong>ss</strong></span> 
     </span>
     <span class='ocr_line' id='line_1_14' title="bbox 428 1628 1145 1695; baseline 0.004 -14"><span class='ocrx_word' id='word_1_90' title='bbox 428 1629 488 1683; x_wconf 89' lang='lat' dir='ltr'><strong>Aut</strong></span> <span class='ocrx_word' id='word_1_91' title='bbox 505 1632 597 1683; x_wconf 85' lang='lat' dir='ltr'><strong>custos</strong></span> <span class='ocrx_word' id='word_1_92' title='bbox 614 1628 714 1695; x_wconf 82' lang='lat' dir='ltr'><strong>gregis,</strong></span> <span class='ocrx_word' id='word_1_93' title='bbox 732 1630 782 1681; x_wconf 86' lang='lat' dir='ltr'><strong>aut</strong></span> <span class='ocrx_word' id='word_1_94' title='bbox 799 1632 924 1683; x_wconf 85' lang='lat' dir='ltr'><strong>maturae</strong></span> <span class='ocrx_word' id='word_1_95' title='bbox 944 1628 1046 1682; x_wconf 79' lang='lat' dir='ltr'><strong>vinitor</strong></span> <span class='ocrx_word' id='word_1_96' title='bbox 1063 1633 1145 1684; x_wconf 86' lang='lat' dir='ltr'><strong>uvae!</strong></span> 
     </span>
    </p>

    <p class='ocr_par' dir='ltr' id='par_1_8' title="bbox 428 1703 1140 1773">
     <span class='ocr_line' id='line_1_15' title="bbox 428 1703 1140 1773; baseline -0.001 -14"><span class='ocrx_word' id='word_1_97' title='bbox 428 1704 518 1773; x_wconf 79' lang='lat' dir='ltr'><strong>Certe,</strong></span> <span class='ocrx_word' id='word_1_98' title='bbox 535 1705 592 1758; x_wconf 86' lang='lat' dir='ltr'><strong>sive</strong></span> <span class='ocrx_word' id='word_1_99' title='bbox 610 1703 677 1757; x_wconf 90' lang='lat' dir='ltr'><strong>mihi</strong></span> <span class='ocrx_word' id='word_1_100' title='bbox 698 1703 808 1772; x_wconf 84' lang='lat' dir='ltr'><strong>Phyllis,</strong></span> <span class='ocrx_word' id='word_1_101' title='bbox 829 1704 886 1758; x_wconf 81' lang='lat' dir='ltr'><strong>sive</strong></span> <span class='ocrx_word' id='word_1_102' title='bbox 905 1708 979 1758; x_wconf 89' lang='lat' dir='ltr'><strong>essct</strong></span> <span class='ocrx_word' id='word_1_103' title='bbox 1000 1705 1140 1773; x_wconf 85' lang='lat' dir='ltr'><strong>Amyntas,</strong></span> 
     </span>
    </p>

    <p class='ocr_par' dir='ltr' id='par_1_9' title="bbox 427 1778 1264 1923">
     <span class='ocr_line' id='line_1_16' title="bbox 428 1778 1264 1849; baseline 0.004 -16"><span class='ocrx_word' id='word_1_104' title='bbox 428 1778 482 1833; x_wconf 81' lang='lat' dir='ltr'><strong>Seu</strong></span> <span class='ocrx_word' id='word_1_105' title='bbox 500 1780 665 1849; x_wconf 81' lang='lat' dir='ltr'><strong>quicumque</strong></span> <span class='ocrx_word' id='word_1_106' title='bbox 678 1779 865 1847; x_wconf 66' lang='lat' dir='ltr'><strong>turon—quid</strong></span> <span class='ocrx_word' id='word_1_107' title='bbox 879 1783 947 1848; x_wconf 90' lang='lat' dir='ltr'><strong>tum,</strong></span> <span class='ocrx_word' id='word_1_108' title='bbox 963 1780 985 1833; x_wconf 88' lang='lat' dir='ltr'><strong>si</strong></span> <span class='ocrx_word' id='word_1_109' title='bbox 1003 1780 1093 1833; x_wconf 85' lang='lat' dir='ltr'><strong>fuscus</strong></span> <span class='ocrx_word' id='word_1_110' title='bbox 1109 1781 1264 1846; x_wconf 71' lang='lat' dir='ltr'><strong>Amyntas?</strong></span> 
     </span>
     <span class='ocr_line' id='line_1_17' title="bbox 427 1854 1078 1923; baseline -0.003 -14"><span class='ocrx_word' id='word_1_111' title='bbox 427 1856 465 1909; x_wconf 85' lang='lat' dir='ltr'><strong>Et</strong></span> <span class='ocrx_word' id='word_1_112' title='bbox 482 1856 576 1923; x_wconf 79' lang='lat' dir='ltr'><strong>nigrae</strong></span> <span class='ocrx_word' id='word_1_113' title='bbox 594 1854 681 1908; x_wconf 77' lang='lat' dir='ltr'><strong>violae</strong></span> <span class='ocrx_word' id='word_1_114' title='bbox 700 1857 765 1907; x_wconf 92' lang='lat' dir='ltr'><strong>sunt</strong></span> <span class='ocrx_word' id='word_1_115' title='bbox 783 1859 812 1909; x_wconf 89' lang='lat' dir='ltr'><strong>et</strong></span> <span class='ocrx_word' id='word_1_116' title='bbox 830 1856 949 1909; x_wconf 83' lang='lat' dir='ltr'><strong>vaccinia</strong></span> <span class='ocrx_word' id='word_1_117' title='bbox 966 1857 1078 1923; x_wconf 87' lang='lat' dir='ltr'><strong>nigra-</strong></span> 
     </span>
    </p>

    <p class='ocr_par' dir='ltr' id='par_1_10' title="bbox 427 1929 1285 2077">
     <span class='ocr_line' id='line_1_18' title="bbox 427 1929 1285 1998; baseline 0.005 -13"><span class='ocrx_word' id='word_1_118' title='bbox 427 1932 536 1985; x_wconf 90' lang='lat' dir='ltr'><strong>Mecum</strong></span> <span class='ocrx_word' id='word_1_119' title='bbox 554 1931 627 1984; x_wconf 88' lang='lat' dir='ltr'><strong>inter</strong></span> <span class='ocrx_word' id='word_1_120' title='bbox 644 1931 740 1984; x_wconf 85' lang='lat' dir='ltr'><strong>salices</strong></span> <span class='ocrx_word' id='word_1_121' title='bbox 758 1929 833 1985; x_wconf 91' lang='lat' dir='ltr'><strong>lenta</strong></span> <span class='ocrx_word' id='word_1_122' title='bbox 852 1930 903 1985; x_wconf 91' lang='lat' dir='ltr'><strong>sub</strong></span> <span class='ocrx_word' id='word_1_123' title='bbox 920 1932 977 1985; x_wconf 77' lang='lat' dir='ltr'><strong>vite</strong></span> <span class='ocrx_word' id='word_1_124' title='bbox 994 1931 1112 1998; x_wconf 88' lang='lat' dir='ltr'><strong>iaceret;</strong></span> <span class='ocrx_word' id='word_1_125' title='bbox 1258 1950 1285 1989; x_wconf 83' lang='lat' dir='ltr'><strong>so</strong></span> 
     </span>
     <span class='ocr_line' id='line_1_19' title="bbox 427 2005 1147 2077; baseline 0.004 -16"><span class='ocrx_word' id='word_1_126' title='bbox 427 2006 508 2061; x_wconf 83' lang='lat' dir='ltr'><strong>Serta</strong></span> <span class='ocrx_word' id='word_1_127' title='bbox 524 2005 590 2059; x_wconf 89' lang='lat' dir='ltr'><strong>mihi</strong></span> <span class='ocrx_word' id='word_1_128' title='bbox 610 2006 713 2075; x_wconf 80' lang='lat' dir='ltr'><strong>Phyllis</strong></span> <span class='ocrx_word' id='word_1_129' title='bbox 730 2005 843 2076; x_wconf 82' lang='lat' dir='ltr'><strong>legeret,</strong></span> <span class='ocrx_word' id='word_1_130' title='bbox 862 2010 987 2063; x_wconf 89' lang='lat' dir='ltr'><strong>cantaret</strong></span> <span class='ocrx_word' id='word_1_131' title='bbox 1006 2010 1147 2077; x_wconf 80' lang='lat' dir='ltr'><strong>Amyntas.</strong></span> 
     </span>
    </p>

    <p class='ocr_par' dir='ltr' id='par_1_11' title="bbox 427 2082 1095 2154">
     <span class='ocr_line' id='line_1_20' title="bbox 427 2082 1095 2154; baseline 0.001 -19"><span class='ocrx_word' id='word_1_132' title='bbox 427 2082 481 2137; x_wconf 90' lang='lat' dir='ltr'><strong>Hic</strong></span> <span class='ocrx_word' id='word_1_133' title='bbox 498 2082 583 2151; x_wconf 86' lang='lat' dir='ltr'><strong>gelidi</strong></span> <span class='ocrx_word' id='word_1_134' title='bbox 601 2082 697 2149; x_wconf 87' lang='lat' dir='ltr'><strong>fontes,</strong></span> <span class='ocrx_word' id='word_1_135' title='bbox 714 2083 758 2137; x_wconf 91' lang='lat' dir='ltr'><strong>hic</strong></span> <span class='ocrx_word' id='word_1_136' title='bbox 777 2083 869 2137; x_wconf 86' lang='lat' dir='ltr'><strong>mollia</strong></span> <span class='ocrx_word' id='word_1_137' title='bbox 886 2087 973 2154; x_wconf 72' lang='lat' dir='ltr'><strong>prata</strong></span> <span class='ocrx_word' id='word_1_138' title='bbox 992 2083 1095 2152; x_wconf 85' lang='lat' dir='ltr'><strong>Lycori,</strong></span> 
     </span>
    </p>

    <p class='ocr_par' dir='ltr' id='par_1_12' title="bbox 427 2158 1146 2228">
     <span class='ocr_line' id='line_1_21' title="bbox 427 2158 1146 2228; baseline 0.003 -15"><span class='ocrx_word' id='word_1_139' title='bbox 427 2158 482 2214; x_wconf 89' lang='lat' dir='ltr'><strong>Hic</strong></span> <span class='ocrx_word' id='word_1_140' title='bbox 499 2176 610 2225; x_wconf 87' lang='lat' dir='ltr'><strong>nemus;</strong></span> <span class='ocrx_word' id='word_1_141' title='bbox 630 2159 675 2214; x_wconf 94' lang='lat' dir='ltr'><strong>hic</strong></span> <span class='ocrx_word' id='word_1_142' title='bbox 692 2160 751 2228; x_wconf 89' lang='lat' dir='ltr'><strong>ipso</strong></span> <span class='ocrx_word' id='word_1_143' title='bbox 769 2163 862 2214; x_wconf 89' lang='lat' dir='ltr'><strong>tecum</strong></span> <span class='ocrx_word' id='word_1_144' title='bbox 880 2176 1054 2214; x_wconf 88' lang='lat' dir='ltr'><strong>consumerer</strong></span> <span class='ocrx_word' id='word_1_145' title='bbox 1072 2177 1146 2215; x_wconf 85' lang='lat' dir='ltr'><strong>aevo.</strong></span> 
     </span>
    </p>

    <p class='ocr_par' dir='ltr' id='par_1_13' title="bbox 425 2235 1136 2290">
     <span class='ocr_line' id='line_1_22' title="bbox 425 2235 1136 2290; baseline 0.003 -2"><span class='ocrx_word' id='word_1_146' title='bbox 425 2235 506 2290; x_wconf 89' lang='lat' dir='ltr'><strong>Nunc</strong></span> <span class='ocrx_word' id='word_1_147' title='bbox 523 2236 633 2290; x_wconf 89' lang='lat' dir='ltr'><strong>insanus</strong></span> <span class='ocrx_word' id='word_1_148' title='bbox 650 2252 727 2290; x_wconf 81' lang='lat' dir='ltr'><strong>amor</strong></span> <span class='ocrx_word' id='word_1_149' title='bbox 745 2236 807 2289; x_wconf 92' lang='lat' dir='ltr'><strong>duri</strong></span> <span class='ocrx_word' id='word_1_150' title='bbox 825 2252 870 2289; x_wconf 90' lang='lat' dir='ltr'><strong>me</strong></span> <span class='ocrx_word' id='word_1_151' title='bbox 889 2236 989 2290; x_wconf 85' lang='lat' dir='ltr'><strong>Martis</strong></span> <span class='ocrx_word' id='word_1_152' title='bbox 1007 2237 1035 2289; x_wconf 92' lang='lat' dir='ltr'><strong>in</strong></span> <span class='ocrx_word' id='word_1_153' title='bbox 1053 2237 1136 2290; x_wconf 89' lang='lat' dir='ltr'><strong>armis</strong></span> 
     </span>
    </p>

    <p class='ocr_par' dir='ltr' id='par_1_14' title="bbox 375 2310 1297 2531">
     <span class='ocr_line' id='line_1_23' title="bbox 426 2310 1281 2381; baseline 0.007 -17"><span class='ocrx_word' id='word_1_154' title='bbox 426 2310 491 2365; x_wconf 80' lang='lat' dir='ltr'><strong>Tela</strong></span> <span class='ocrx_word' id='word_1_155' title='bbox 507 2311 580 2365; x_wconf 90' lang='lat' dir='ltr'><strong>inter</strong></span> <span class='ocrx_word' id='word_1_156' title='bbox 598 2312 691 2366; x_wconf 87' lang='lat' dir='ltr'><strong>media</strong></span> <span class='ocrx_word' id='word_1_157' title='bbox 709 2316 793 2381; x_wconf 86' lang='lat' dir='ltr'><strong>atque</strong></span> <span class='ocrx_word' id='word_1_158' title='bbox 811 2312 941 2366; x_wconf 86' lang='lat' dir='ltr'><strong>adversos</strong></span> <span class='ocrx_word' id='word_1_159' title='bbox 962 2312 1069 2367; x_wconf 85' lang='lat' dir='ltr'><strong>detinet</strong></span> <span class='ocrx_word' id='word_1_160' title='bbox 1086 2312 1184 2368; x_wconf 89' lang='lat' dir='ltr'><strong>hostis:</strong></span> <span class='ocrx_word' id='word_1_161' title='bbox 1255 2331 1281 2370; x_wconf 78' lang='lat' dir='ltr'><strong>ss</strong></span> 
     </span>
     <span class='ocr_line' id='line_1_24' title="bbox 375 2386 1297 2457; baseline 0.001 -13"><span class='ocrx_word' id='word_1_162' title='bbox 375 2438 378 2444; x_wconf 20' lang='grc' dir='ltr'><strong>Δ</strong></span> <span class='ocrx_word' id='word_1_163' title='bbox 425 2386 466 2440; x_wconf 80' lang='grc' dir='ltr'><strong>Τιι</strong></span> <span class='ocrx_word' id='word_1_164' title='bbox 483 2387 576 2455; x_wconf 87' lang='lat' dir='ltr'><strong>procul</strong></span> <span class='ocrx_word' id='word_1_165' title='bbox 594 2404 611 2441; x_wconf 86' lang='lat' dir='ltr'><strong>a</strong></span> <span class='ocrx_word' id='word_1_166' title='bbox 628 2388 803 2457; x_wconf 79' lang='lat' dir='ltr'><strong>patria-nec</strong></span> <span class='ocrx_word' id='word_1_167' title='bbox 822 2388 859 2442; x_wconf 91' lang='lat' dir='ltr'><strong>sit</strong></span> <span class='ocrx_word' id='word_1_168' title='bbox 877 2389 943 2443; x_wconf 91' lang='lat' dir='ltr'><strong>mihi</strong></span> <span class='ocrx_word' id='word_1_169' title='bbox 964 2390 1077 2443; x_wconf 89' lang='lat' dir='ltr'><strong>credere</strong></span> <span class='ocrx_word' id='word_1_170' title='bbox 1095 2393 1256 2445; x_wconf 84' lang='lat' dir='ltr'><strong>tantuml-</strong></span> <span class='ocrx_word' id='word_1_171' title='bbox 1294 2412 1297 2419; x_wconf 92' lang='lat'><em>·</em></span> 
     </span>
     <span class='ocr_line' id='line_1_25' title="bbox 425 2461 1070 2531; baseline 0.005 -17"><span class='ocrx_word' id='word_1_172' title='bbox 425 2461 549 2531; x_wconf 86' lang='lat' dir='ltr'><strong>Alpinas,</strong></span> <span class='ocrx_word' id='word_1_173' title='bbox 567 2462 602 2516; x_wconf 86' lang='lat' dir='ltr'><strong>ah</strong></span> <span class='ocrx_word' id='word_1_174' title='bbox 620 2464 697 2531; x_wconf 85' lang='lat' dir='ltr'><strong>dura,</strong></span> <span class='ocrx_word' id='word_1_175' title='bbox 715 2464 792 2518; x_wconf 86' lang='lat' dir='ltr'><strong>nives</strong></span> <span class='ocrx_word' id='word_1_176' title='bbox 810 2468 840 2518; x_wconf 88' lang='lat' dir='ltr'><strong>et</strong></span> <span class='ocrx_word' id='word_1_177' title='bbox 857 2464 961 2531; x_wconf 84' lang='lat' dir='ltr'><strong>frigora</strong></span> <span class='ocrx_word' id='word_1_178' title='bbox 981 2464 1070 2518; x_wconf 84' lang='lat' dir='ltr'><strong>Rheni</strong></span> 
     </span>
    </p>

    <p class='ocr_par' dir='ltr' id='par_1_15' title="bbox 423 2537 1277 2685">
     <span class='ocr_line' id='line_1_26' title="bbox 423 2537 1277 2609; baseline 0.006 -18"><span class='ocrx_word' id='word_1_179' title='bbox 423 2537 473 2592; x_wconf 86' lang='lat' dir='ltr'><strong>Me</strong></span> <span class='ocrx_word' id='word_1_180' title='bbox 491 2538 549 2592; x_wconf 84' lang='lat' dir='ltr'><strong>sine</strong></span> <span class='ocrx_word' id='word_1_181' title='bbox 566 2538 624 2593; x_wconf 90' lang='lat' dir='ltr'><strong>sola</strong></span> <span class='ocrx_word' id='word_1_182' title='bbox 640 2540 724 2594; x_wconf 86' lang='lat' dir='ltr'><strong>vides.</strong></span> <span class='ocrx_word' id='word_1_183' title='bbox 761 2540 815 2609; x_wconf 81' lang='lat' dir='ltr'><strong>Ah,</strong></span> <span class='ocrx_word' id='word_1_184' title='bbox 832 2544 862 2595; x_wconf 89' lang='lat' dir='ltr'><strong>tc</strong></span> <span class='ocrx_word' id='word_1_185' title='bbox 880 2557 915 2594; x_wconf 89' lang='lat' dir='ltr'><strong>ne</strong></span> <span class='ocrx_word' id='word_1_186' title='bbox 933 2540 1036 2608; x_wconf 85' lang='lat' dir='ltr'><strong>frigora</strong></span> <span class='ocrx_word' id='word_1_187' title='bbox 1054 2541 1179 2596; x_wconf 86' lang='lat' dir='ltr'><strong>laedant!</strong></span> <span class='ocrx_word' id='word_1_188' title='bbox 1272 2555 1277 2562; x_wconf 87' lang='lat'>&#39;</span> 
     </span>
     <span class='ocr_line' id='line_1_27' title="bbox 425 2613 1190 2685; baseline 0.008 -19"><span class='ocrx_word' id='word_1_189' title='bbox 425 2613 478 2682; x_wconf 87' lang='lat' dir='ltr'><strong>Ah,</strong></span> <span class='ocrx_word' id='word_1_190' title='bbox 495 2614 548 2668; x_wconf 90' lang='lat' dir='ltr'><strong>tibi</strong></span> <span class='ocrx_word' id='word_1_191' title='bbox 565 2632 600 2669; x_wconf 92' lang='lat' dir='ltr'><strong>ne</strong></span> <span class='ocrx_word' id='word_1_192' title='bbox 616 2620 733 2673; x_wconf 78' lang='lat' dir='ltr'><strong>teneras¹</strong></span> <span class='ocrx_word' id='word_1_193' title='bbox 743 2616 844 2685; x_wconf 81' lang='lat' dir='ltr'><strong>glacies</strong></span> <span class='ocrx_word' id='word_1_194' title='bbox 861 2618 936 2669; x_wconf 90' lang='lat' dir='ltr'><strong>secet</strong></span> <span class='ocrx_word' id='word_1_195' title='bbox 954 2632 1050 2684; x_wconf 86' lang='lat' dir='ltr'><strong>aspera</strong></span> <span class='ocrx_word' id='word_1_196' title='bbox 1068 2617 1190 2684; x_wconf 85' lang='lat' dir='ltr'><strong>plantas!</strong></span> 
     </span>
    </p>

    <p class='ocr_par' dir='ltr' id='par_1_16' title="bbox 362 2689 1281 2838">
     <span class='ocr_line' id='line_1_28' title="bbox 362 2689 1281 2762; baseline 0.009 -19"><span class='ocrx_word' id='word_1_197' title='bbox 362 2756 365 2762; x_wconf 89' lang='lat'>.</span> <span class='ocrx_word' id='word_1_198' title='bbox 425 2689 484 2758; x_wconf 83' lang='lat' dir='ltr'><strong>Ibo,</strong></span> <span class='ocrx_word' id='word_1_199' title='bbox 502 2694 538 2760; x_wconf 89' lang='lat' dir='ltr'><strong>et,</strong></span> <span class='ocrx_word' id='word_1_200' title='bbox 558 2690 712 2747; x_wconf 80' lang='lat' dir='ltr'><strong>Chalcidico</strong></span> <span class='ocrx_word' id='word_1_201' title='bbox 732 2709 803 2762; x_wconf 85' lang='lat' dir='ltr'><strong>quae</strong></span> <span class='ocrx_word' id='word_1_202' title='bbox 821 2694 885 2744; x_wconf 86' lang='lat' dir='ltr'><strong>sunt</strong></span> <span class='ocrx_word' id='word_1_203' title='bbox 903 2690 969 2744; x_wconf 89' lang='lat' dir='ltr'><strong>mihi</strong></span> <span class='ocrx_word' id='word_1_204' title='bbox 989 2692 1098 2745; x_wconf 88' lang='lat' dir='ltr'><strong>condita</strong></span> <span class='ocrx_word' id='word_1_205' title='bbox 1115 2710 1195 2747; x_wconf 78' lang='lat' dir='ltr'><strong>versu</strong></span> <span class='ocrx_word' id='word_1_206' title='bbox 1254 2712 1281 2751; x_wconf 84' lang='lat' dir='ltr'><strong>so</strong></span> 
     </span>
     <span class='ocr_line' id='line_1_29' title="bbox 424 2767 1084 2838; baseline 0.003 -17"><span class='ocrx_word' id='word_1_207' title='bbox 424 2767 694 2838; x_wconf 69' lang='lat' dir='ltr'><strong>Carminapastoris</strong></span> <span class='ocrx_word' id='word_1_208' title='bbox 713 2769 795 2823; x_wconf 81' lang='lat' dir='ltr'><strong>Siculi</strong></span> <span class='ocrx_word' id='word_1_209' title='bbox 813 2767 973 2821; x_wconf 81' lang='lat' dir='ltr'><strong>modulabor</strong></span> <span class='ocrx_word' id='word_1_210' title='bbox 990 2785 1084 2823; x_wconf 83' lang='lat' dir='ltr'><strong>avena.</strong></span> 
     </span>
    </p>

    <p class='ocr_par' dir='ltr' id='par_1_17' title="bbox 424 2842 1092 2912">
     <span class='ocr_line' id='line_1_30' title="bbox 424 2842 1092 2912; baseline 0 -15"><span class='ocrx_word' id='word_1_211' title='bbox 424 2843 537 2897; x_wconf 84' lang='lat' dir='ltr'><strong>Certum</strong></span> <span class='ocrx_word' id='word_1_212' title='bbox 556 2849 599 2899; x_wconf 87' lang='lat' dir='ltr'><strong>est</strong></span> <span class='ocrx_word' id='word_1_213' title='bbox 616 2845 644 2899; x_wconf 90' lang='lat' dir='ltr'><strong>in</strong></span> <span class='ocrx_word' id='word_1_214' title='bbox 662 2845 737 2912; x_wconf 82' lang='lat' dir='ltr'><strong>silvis</strong></span> <span class='ocrx_word' id='word_1_215' title='bbox 754 2843 827 2897; x_wconf 90' lang='lat' dir='ltr'><strong>inter</strong></span> <span class='ocrx_word' id='word_1_216' title='bbox 844 2842 954 2912; x_wconf 87' lang='lat' dir='ltr'><strong>spelaea</strong></span> <span class='ocrx_word' id='word_1_217' title='bbox 971 2844 1092 2898; x_wconf 87' lang='lat' dir='ltr'><strong>ferarum</strong></span> 
     </span>
    </p>

    <p class='ocr_par' dir='ltr' id='par_1_18' title="bbox 424 2918 1115 3064">
     <span class='ocr_line' id='line_1_31' title="bbox 424 2918 1115 2990; baseline 0.003 -17"><span class='ocrx_word' id='word_1_218' title='bbox 424 2919 508 2974; x_wconf 86' lang='lat' dir='ltr'><strong>Malle</strong></span> <span class='ocrx_word' id='word_1_219' title='bbox 525 2921 583 2989; x_wconf 87' lang='lat' dir='ltr'><strong>pati</strong></span> <span class='ocrx_word' id='word_1_220' title='bbox 601 2922 758 2990; x_wconf 83' lang='lat' dir='ltr'><strong>tenerisque</strong></span> <span class='ocrx_word' id='word_1_221' title='bbox 774 2935 850 2973; x_wconf 89' lang='lat' dir='ltr'><strong>meos</strong></span> <span class='ocrx_word' id='word_1_222' title='bbox 867 2918 988 2973; x_wconf 87' lang='lat' dir='ltr'><strong>incidere</strong></span> <span class='ocrx_word' id='word_1_223' title='bbox 1009 2936 1115 2975; x_wconf 86' lang='lat' dir='ltr'><strong>amores</strong></span> 
     </span>
     <span class='ocr_line' id='line_1_32' title="bbox 424 2994 1114 3064; baseline 0.003 -15"><span class='ocrx_word' id='word_1_224' title='bbox 424 2996 594 3063; x_wconf 77' lang='lat' dir='ltr'><strong>Arboribus3</strong></span> <span class='ocrx_word' id='word_1_225' title='bbox 613 2998 736 3051; x_wconf 86' lang='lat' dir='ltr'><strong>crescent</strong></span> <span class='ocrx_word' id='word_1_226' title='bbox 753 2994 823 3063; x_wconf 87' lang='lat' dir='ltr'><strong>illae,</strong></span> <span class='ocrx_word' id='word_1_227' title='bbox 843 2997 980 3064; x_wconf 83' lang='lat' dir='ltr'><strong>crescatis,</strong></span> <span class='ocrx_word' id='word_1_228' title='bbox 999 3013 1114 3051; x_wconf 83' lang='lat' dir='ltr'><strong>amores.</strong></span> 
     </span>
    </p>

    <p class='ocr_par' dir='ltr' id='par_1_19' title="bbox 424 3069 1278 3292">
     <span class='ocr_line' id='line_1_33' title="bbox 425 3069 1278 3145; baseline 0.001 -20"><span class='ocrx_word' id='word_1_229' title='bbox 425 3072 536 3127; x_wconf 84' lang='lat' dir='ltr'><strong>Interea</strong></span> <span class='ocrx_word' id='word_1_230' title='bbox 552 3073 647 3127; x_wconf 88' lang='lat' dir='ltr'><strong>mixtis</strong></span> <span class='ocrx_word' id='word_1_231' title='bbox 664 3069 787 3125; x_wconf 85' lang='lat' dir='ltr'><strong>lustrabo</strong></span> <span class='ocrx_word' id='word_1_232' title='bbox 804 3071 931 3125; x_wconf 89' lang='lat' dir='ltr'><strong>Maenala</strong></span> <span class='ocrx_word' id='word_1_233' title='bbox 950 3072 1090 3145; x_wconf 75' lang='lat' dir='ltr'><strong>Nymphis</strong></span> <span class='ocrx_word' id='word_1_234' title='bbox 1252 3094 1278 3133; x_wconf 73' lang='lat'><strong>55</strong></span> 
     </span>
     <span class='ocr_line' id='line_1_34' title="bbox 425 3147 1198 3215; baseline 0.006 -15"><span class='ocrx_word' id='word_1_235' title='bbox 425 3148 485 3202; x_wconf 89' lang='lat' dir='ltr'><strong>Aut</strong></span> <span class='ocrx_word' id='word_1_236' title='bbox 501 3149 572 3203; x_wconf 88' lang='lat' dir='ltr'><strong>acris</strong></span> <span class='ocrx_word' id='word_1_237' title='bbox 589 3147 709 3202; x_wconf 86' lang='lat' dir='ltr'><strong>venabor</strong></span> <span class='ocrx_word' id='word_1_238' title='bbox 725 3162 812 3215; x_wconf 87' lang='lat' dir='ltr'><strong>apros.</strong></span> <span class='ocrx_word' id='word_1_239' title='bbox 850 3147 877 3200; x_wconf 90' lang='lat' dir='ltr'>N</span> <span class='ocrx_word' id='word_1_240' title='bbox 878 3164 913 3201; x_wconf 90' lang='lat' dir='ltr'><strong>on</strong></span> <span class='ocrx_word' id='word_1_241' title='bbox 931 3165 976 3202; x_wconf 92' lang='lat' dir='ltr'><strong>me</strong></span> <span class='ocrx_word' id='word_1_242' title='bbox 992 3148 1048 3202; x_wconf 84' lang='lat' dir='ltr'><strong>ulla</strong></span> <span class='ocrx_word' id='word_1_243' title='bbox 1065 3150 1198 3205; x_wconf 83' lang='lat' dir='ltr'><strong>vetabunt</strong></span> 
     </span>
     <span class='ocr_line' id='line_1_35' title="bbox 424 3221 1146 3292; baseline 0.008 -17"><span class='ocrx_word' id='word_1_244' title='bbox 424 3223 539 3292; x_wconf 83' lang='lat' dir='ltr'><strong>Frigora</strong></span> <span class='ocrx_word' id='word_1_245' title='bbox 557 3223 718 3277; x_wconf 89' lang='lat' dir='ltr'><strong>Parthenios</strong></span> <span class='ocrx_word' id='word_1_246' title='bbox 735 3221 847 3276; x_wconf 87' lang='lat' dir='ltr'><strong>canibus</strong></span> <span class='ocrx_word' id='word_1_247' title='bbox 867 3224 1036 3279; x_wconf 87' lang='lat' dir='ltr'><strong>circumdare</strong></span> <span class='ocrx_word' id='word_1_248' title='bbox 1054 3227 1146 3281; x_wconf 84' lang='lat' dir='ltr'><strong>saltus</strong></span> 
     </span>
    </p>

    <p class='ocr_par' dir='ltr' id='par_1_20' title="bbox 425 3297 1122 3370">
     <span class='ocr_line' id='line_1_36' title="bbox 425 3297 1122 3370; baseline 0.007 -19"><span class='ocrx_word' id='word_1_249' title='bbox 425 3298 485 3354; x_wconf 87' lang='lat' dir='ltr'><strong>Iam</strong></span> <span class='ocrx_word' id='word_1_250' title='bbox 502 3299 569 3352; x_wconf 91' lang='lat' dir='ltr'><strong>mihi</strong></span> <span class='ocrx_word' id='word_1_251' title='bbox 586 3315 636 3367; x_wconf 87' lang='lat' dir='ltr'><strong>per</strong></span> <span class='ocrx_word' id='word_1_252' title='bbox 653 3306 735 3367; x_wconf 82' lang='lat' dir='ltr'><strong>rupes</strong></span> <span class='ocrx_word' id='word_1_253' title='bbox 755 3297 850 3352; x_wconf 83' lang='lat' dir='ltr'><strong>videor</strong></span> <span class='ocrx_word' id='word_1_254' title='bbox 868 3299 999 3370; x_wconf 88' lang='lat' dir='ltr'><strong>lucosque</strong></span> <span class='ocrx_word' id='word_1_255' title='bbox 1018 3304 1122 3357; x_wconf 90' lang='lat' dir='ltr'><strong>sonant&#39;</strong></span> 
     </span>
    </p>

    <p class='ocr_par' dir='ltr' id='par_1_21' title="bbox 423 3374 1278 3585">
     <span class='ocr_line' id='line_1_37' title="bbox 425 3374 1086 3445; baseline 0.006 -17"><span class='ocrx_word' id='word_1_256' title='bbox 425 3375 486 3442; x_wconf 87' lang='lat' dir='ltr'><strong>Ire;</strong></span> <span class='ocrx_word' id='word_1_257' title='bbox 506 3374 575 3429; x_wconf 90' lang='lat' dir='ltr'><strong>libet</strong></span> <span class='ocrx_word' id='word_1_258' title='bbox 594 3374 696 3428; x_wconf 85' lang='lat' dir='ltr'><strong>Partho</strong></span> <span class='ocrx_word' id='word_1_259' title='bbox 714 3379 844 3444; x_wconf 88' lang='lat' dir='ltr'><strong>torquere</strong></span> <span class='ocrx_word' id='word_1_260' title='bbox 862 3376 983 3445; x_wconf 83' lang='lat' dir='ltr'><strong>Cydonia</strong></span> <span class='ocrx_word' id='word_1_261' title='bbox 1002 3394 1086 3432; x_wconf 88' lang='lat' dir='ltr'><strong>cornu</strong></span> 
     </span>
     <span class='ocr_line' id='line_1_38' title="bbox 423 3442 1278 3524; baseline 0.008 -20"><span class='ocrx_word' id='word_1_262' title='bbox 423 3442 727 3521; x_wconf 81' lang='lat' dir='ltr'><strong>Spicula-Tamquam</strong></span> <span class='ocrx_word' id='word_1_263' title='bbox 741 3450 807 3505; x_wconf 85' lang='lat' dir='ltr'><strong>haec</strong></span> <span class='ocrx_word' id='word_1_264' title='bbox 822 3452 859 3506; x_wconf 87' lang='lat' dir='ltr'><strong>sit</strong></span> <span class='ocrx_word' id='word_1_265' title='bbox 874 3455 961 3507; x_wconf 90' lang='lat' dir='ltr'><strong>nostri</strong></span> <span class='ocrx_word' id='word_1_266' title='bbox 977 3454 1111 3508; x_wconf 87' lang='lat' dir='ltr'><strong>medicina</strong></span> <span class='ocrx_word' id='word_1_267' title='bbox 1123 3455 1232 3524; x_wconf 86' lang='lat' dir='ltr'><strong>furoris,</strong></span> <span class='ocrx_word' id='word_1_268' title='bbox 1251 3471 1278 3511; x_wconf 85' lang='lat' dir='ltr'><strong>eo</strong></span> 
     </span>
     <span class='ocr_line' id='line_1_39' title="bbox 424 3524 1166 3585; baseline 0.008 -7"><span class='ocrx_word' id='word_1_269' title='bbox 424 3526 485 3579; x_wconf 77' lang='lat' dir='ltr'><strong>Aut</strong></span> <span class='ocrx_word' id='word_1_270' title='bbox 501 3525 569 3579; x_wconf 92' lang='lat' dir='ltr'><strong>deus</strong></span> <span class='ocrx_word' id='word_1_271' title='bbox 586 3524 632 3579; x_wconf 89' lang='lat' dir='ltr'><strong>ille</strong></span> <span class='ocrx_word' id='word_1_272' title='bbox 649 3526 727 3580; x_wconf 90' lang='lat' dir='ltr'><strong>malis</strong></span> <span class='ocrx_word' id='word_1_273' title='bbox 744 3526 884 3581; x_wconf 89' lang='lat' dir='ltr'><strong>hominum</strong></span> <span class='ocrx_word' id='word_1_274' title='bbox 902 3529 1045 3583; x_wconf 84' lang='lat' dir='ltr'><strong>mitescere</strong></span> <span class='ocrx_word' id='word_1_275' title='bbox 1065 3530 1166 3585; x_wconf 87' lang='lat' dir='ltr'><strong>discat!</strong></span> 
     </span>
    </p>

    <p class='ocr_par' dir='ltr' id='par_1_22' title="bbox 424 3600 1233 3672">
     <span class='ocr_line' id='line_1_40' title="bbox 424 3600 1233 3672; baseline 0.007 -17"><span class='ocrx_word' id='word_1_276' title='bbox 424 3600 485 3655; x_wconf 85' lang='lat' dir='ltr'><strong>Iam</strong></span> <span class='ocrx_word' id='word_1_277' title='bbox 502 3617 593 3671; x_wconf 89' lang='lat' dir='ltr'><strong>neque</strong></span> <span class='ocrx_word' id='word_1_278' title='bbox 611 3602 820 3672; x_wconf 86' lang='lat' dir='ltr'><strong>Hamadryades</strong></span> <span class='ocrx_word' id='word_1_279' title='bbox 837 3620 932 3657; x_wconf 89' lang='lat' dir='ltr'><strong>rursus</strong></span> <span class='ocrx_word' id='word_1_280' title='bbox 949 3620 1000 3659; x_wconf 90' lang='lat' dir='ltr'><strong>nec</strong></span> <span class='ocrx_word' id='word_1_281' title='bbox 1018 3606 1138 3658; x_wconf 78' lang='lat' dir='ltr'><strong>carmina</strong></span> <span class='ocrx_word' id='word_1_282' title='bbox 1155 3606 1233 3662; x_wconf 89' lang='lat' dir='ltr'><strong>nobis</strong></span> 
     </span>
    </p>
   </div>
   <div class='ocr_carea' id='block_1_3' title="bbox 408 3675 1111 3751">
    <p class='ocr_par' dir='ltr' id='par_1_23' title="bbox 408 3675 1111 3751">
     <span class='ocr_line' id='line_1_41' title="bbox 408 3675 1111 3751; baseline -0.009 -9"><span class='ocrx_word' id='word_1_283' title='bbox 408 3675 479 3741; x_wconf 73' lang='lat' dir='ltr'><strong>Ipsa</strong></span> <span class='ocrx_word' id='word_1_284' title='bbox 491 3677 610 3747; x_wconf 75' lang='lat' dir='ltr'><strong>placent</strong></span> <span class='ocrx_word' id='word_1_285' title='bbox 614 3701 626 3748; x_wconf 85' lang='lat'><em>;</em></span> <span class='ocrx_word' id='word_1_286' title='bbox 644 3681 723 3751; x_wconf 78' lang='lat' dir='ltr'><strong>ipsae</strong></span> <span class='ocrx_word' id='word_1_287' title='bbox 741 3697 838 3735; x_wconf 87' lang='lat' dir='ltr'><strong>rursus</strong></span> <span class='ocrx_word' id='word_1_288' title='bbox 856 3679 999 3735; x_wconf 81' lang='lat' dir='ltr'><strong>concedite</strong></span> <span class='ocrx_word' id='word_1_289' title='bbox 1017 3681 1111 3736; x_wconf 79' lang='lat' dir='ltr'><strong>siluae.</strong></span> 
     </span>
    </p>
   </div>
   <div class='ocr_carea' id='block_1_4' title="bbox 0 0 1738 4367">
    <p class='ocr_par' dir='ltr' id='par_1_24' title="bbox 0 0 1738 4367">
     <span class='ocr_line' id='line_1_42' title="bbox 0 0 1738 4367; baseline 0 3"><span class='ocrx_word' id='word_1_290' title='bbox 0 0 1738 4367; x_wconf 95' lang='lat' dir='ltr'><strong> </strong></span> 
     </span>
    </p>
   </div>
  </div>
 </body>
</html>
