3467 4367
485 618 533 676 258
723 622 752 670 P.
771 620 926 670 VERGILI
942 620 1111 673 MARONIS,

487 702 608 773 Quisque
625 719 696 771 suas,
713 701 850 769 variisque
868 705 970 756 acuunt
987 703 1143 757 rumoribus
1159 703 1221 759 ires
1308 722 1311 729 ·

487 780 559 844 Quin
576 780 637 849 ipsa
654 777 860 834 arrectis—visu
878 778 1096 832 miserabile-in
1113 779 1201 835 hastis
1300 794 1339 835 sos

487 856 647 923 Praefigunt
664 854 755 922 capita
772 856 802 907 et
819 852 906 907 multo
923 854 1040 908 clamore
1058 858 1210 924 sequuntur

487 930 597 1000 Euryali
615 933 645 984 et
663 929 731 984 Nisi.

487 1007 634 1060 Aeneadae
652 1006 714 1059 duri
732 1022 872 1059 murorum
889 1005 918 1058 in
935 1009 1014 1074 parte
1032 1004 1141 1060 sinistra

486 1081 645 1151 Opposuere
663 1081 854 1149 aciem-nam
874 1081 990 1135 dextera
1007 1082 1125 1148 cingitur
1142 1082 1253 1134 amni-

486 1159 666 1227 Ingentisque
683 1160 780 1211 tenent
797 1158 892 1225 fossas,
910 1160 940 1210 et
956 1156 1079 1210 turribus
1096 1155 1159 1211 altis
1299 1172 1340 1213 svo

486 1235 568 1287 Stant
586 1234 683 1288 maesti
692 1256 699 1299 ;
722 1232 802 1286 simul
821 1249 869 1287 ora
887 1233 975 1286 virum
992 1232 1115 1301 praefixa
1131 1233 1287 1299 movebant,

486 1309 511 1362 N
514 1313 560 1363 ota
578 1310 659 1363 nimis
677 1310 784 1364 miseris
801 1313 917 1377 atroque
935 1308 1048 1362 fluentia
1065 1307 1137 1361 tabo.

521 1386 633 1441 Interea
650 1387 777 1455 pavidam
796 1384 912 1439 volitans
929 1388 1049 1453 pennata
1065 1401 1115 1453 per
1132 1384 1229 1439 urbem

486 1462 591 1516 Nuntia
609 1462 695 1515 Fama
711 1461 774 1528 ruit,
792 1460 943 1530 matrisque
960 1460 1099 1515 adlabitur
1116 1460 1190 1515 auris

486 1536 603 1606 Euryali.
638 1538 679 1591 At
697 1537 804 1591 subitus
821 1537 937 1590 miserae
954 1535 1027 1590 calor
1045 1553 1105 1590 ossa
1122 1536 1249 1604 reliquit;
1297 1551 1338 1593 475

487 1613 600 1667 Excussi
617 1614 742 1667 manibus
759 1613 837 1678 radii,
854 1612 1032 1679 revolutaque
1048 1628 1140 1681 pensa

487 1688 584 1741 Evolat
600 1689 703 1752 infelix,
720 1692 750 1742 et
767 1688 883 1741 femineo
900 1687 1013 1754 ululatu,

486 1763 576 1816 Scissa
593 1780 703 1830 comam,
722 1780 814 1816 muros
831 1779 926 1816 amens
943 1765 1027 1830 atque
1044 1762 1152 1831 agmina
1169 1780 1251 1818 cursu

487 1838 579 1893 Prima
595 1839 675 1909 petit,
692 1855 746 1892 non
763 1838 810 1892 illa
828 1838 923 1904 virum,
940 1854 994 1892 non
1011 1838 1058 1891 illa
1074 1838 1171 1907 pericli

487 1915 666 1984 Telorumque
683 1930 800 1979 memor;
824 1914 929 1967 caelum
948 1913 1046 1968 dehinc
1064 1914 1206 1984 questibus
1223 1915 1328 1984 inplet:

487 1992 569 2045 Hunc
586 2008 637 2059 ego
654 1993 691 2058 te,
710 1991 832 2059 Euryale,
849 1990 970 2058 aspiciol
994 1994 1060 2044 tune
1077 1991 1123 2048 illc
1141 1994 1267 2046 senectae

487 2068 554 2121 Sera
570 2084 648 2121 meae
665 2066 782 2137 requies,
800 2066 914 2135 potuisti
932 2065 1055 2134 linquere
1074 2066 1165 2133 solam,

487 2143 629 2197 Crudelis?
652 2160 703 2197 nec
719 2145 756 2211 tc,
774 2142 825 2197 sub
842 2145 921 2195 tanta
937 2142 1058 2209 pericula
1075 2143 1194 2211 missum,

487 2218 585 2272 Adiari
603 2223 756 2273 extremum
775 2220 890 2272 miserae
909 2217 975 2270 data
992 2217 1070 2286 copia
1087 2219 1185 2273 matril

487 2294 558 2358 Heu,
575 2299 651 2349 terra
667 2295 761 2362 ignota
778 2294 889 2347 canibus
907 2292 972 2346 date
989 2294 1091 2361 praeda
1109 2294 1215 2348 Latinis
1296 2309 1336 2350 sss

487 2369 663 2440 Alitibusque
680 2371 764 2425 iaces!
789 2386 838 2425 nec
855 2373 885 2423 te
902 2373 951 2423 tua
968 2366 1064 2422 funera
1080 2371 1170 2423 mater

488 2446 615 2511 Produxi,
632 2446 753 2514 pressive
770 2446 868 2511 orarios,
887 2450 935 2499 aut
953 2446 1061 2499 volnera
1079 2445 1140 2512 lavi,

487 2521 574 2575 Veste
591 2526 693 2589 tegens,
711 2521 762 2573 tibi
781 2537 862 2588 quam
881 2524 973 2574 noctes
990 2521 1090 2574 festina
1108 2521 1223 2591 diesque

487 2597 645 2663 Urguebam
662 2600 692 2650 ct
710 2595 765 2649 tela
782 2612 861 2649 curas
878 2594 985 2650 solabar
1002 2595 1087 2650 anilis.

487 2673 547 2736 Quo
568 2673 684 2739 aequari
708 2675 756 2726 aut
774 2688 844 2739 quae
862 2689 934 2725 nunc
951 2675 1028 2725 artus
1046 2672 1191 2741 avolsaque
1208 2673 1336 2729 membra

487 2749 524 2802 Et
540 2748 621 2801 funus
638 2748 758 2802 laeerum
775 2746 858 2801 tellus
876 2747 977 2801 habeti
1002 2748 1063 2801 Hoc
1080 2747 1147 2801 mihi
1165 2748 1201 2801 de
1218 2751 1256 2817 te,

487 2824 568 2891 Nate,
586 2825 688 2879 refersl
711 2824 762 2877 hoc
780 2840 839 2876 sum
857 2827 985 2892 terraque
1004 2823 1127 2892 marique
1145 2825 1255 2879 secutal

488 2900 578 2970 Figite
594 2917 646 2968 me,
665 2900 687 2953 si
705 2916 760 2969 qua
777 2903 820 2953 est
836 2899 933 2967 pietas,
950 2899 978 2952 in
995 2916 1040 2952 me
1057 2899 1147 2953 omnia
1164 2899 1222 2954 tela

487 2976 628 3043 Coniicite,
646 2993 662 3029 o
682 2976 787 3042 Rutuli,
804 2991 849 3028 me
866 2974 983 3043 primam
1001 2975 1137 3029 absumite
1154 2975 1242 3041 ferro;

487 3054 548 3107 Aut
564 3056 604 3120 tu,
622 3068 720 3119 magne
737 3056 818 3120 pater
835 3050 935 3117 divom,
953 3050 1090 3116 miserere,
1107 3053 1211 3119 tuoque
1297 3066 1337 3108 scs

487 3127 610 3181 Invisum
627 3126 678 3181 boc
696 3127 813 3181 detrude
831 3130 913 3194 caput
931 3124 982 3179 sub
999 3125 1114 3179 Tartara
1131 3126 1194 3194 telo,

488 3202 602 3267 Quando
620 3202 701 3257 aliter
718 3218 825 3270 nequeo
842 3202 981 3255 crudelem
999 3201 1162 3270 abrumpere
1179 3201 1273 3257 dmm.

489 3280 549 3333 Hoc
567 3278 634 3331 fletu
652 3278 773 3332 concussi
791 3277 882 3344 animi,
900 3281 1075 3347 maestusque
1092 3294 1142 3347 per
1159 3278 1249 3333 omnis

489 3356 517 3408 lt
534 3355 668 3422 gemitus;
690 3357 801 3421 torpent
818 3353 952 3430 iniraqtae
968 3354 1004 3407 ad
1021 3354 1124 3422 proelia
1141 3354 1221 3409 vires

485 3431 567 3484 illam
585 3430 774 3484 incendentem
792 3429 883 3482 luctus
902 3430 1002 3484 Idaeus
1020 3433 1049 3483 et
1067 3431 1155 3484 Actor
1298 3445 1337 3486 eoo

464 3507 579 3564 'llionei
595 3509 705 3567 monitu
725 3513 754 3566 ot
771 3506 894 3563 multum
904 3506 1076 3563 lacrimantis
1088 3505 1148 3559 lnlx

465 3586 648 3663 Comipinnt,
661 3591 800 3664 interque
820 3605 923 3644 manus
940 3584 996 3641 sub
1010 3586 1091 3639 tecta
1102 3581 1251 3648 reponunt·

489 3670 539 3726 At
561 3672 638 3731 tuba
657 3673 834 3732 terribilem
851 3667 986 3727 sonitum
1001 3658 1104 3732 paoem
1117 3669 1187 3710 aero
1202 3664 1303 3706 samum
