3467 4367
475 590 528 679 'ue
722 627 751 676 P.
770 626 923 675 vnnmm
941 626 1105 676 nunonis

481 706 566 776 Isque
583 706 627 759 his
646 708 760 760 Aenean
778 705 883 759 solatus
900 705 1011 760 vocibus
1029 706 1103 761 infit:

480 781 554 835 Nate
572 782 632 847 dea,
650 798 706 851 quo
723 782 782 835 fata
799 782 915 837 trahunt
932 783 1140 851 retrahuntque
1160 800 1324 853 sequamur3

481 858 622 927 Quidquid
635 858 695 925 erit,
708 858 862 926 superanda
874 859 962 912 omnis
974 860 1084 913 fortuna
1096 860 1209 915 ferendo
1221 866 1272 916 est.
1299 877 1336 917 71⁰

480 936 532 989 Est
549 935 600 988 tibi
619 934 774 987 Dardanius
791 934 900 988 divinae
919 936 1013 1005 stirpis
1032 936 1161 990 Acestes:

481 1012 563 1065 Hunc
580 1027 646 1078 cape
664 1010 782 1064 consiliis
800 1011 902 1064 socium
920 1015 950 1065 et
967 1011 1100 1079 conirmge
1118 1012 1271 1079 volentem;

482 1087 553 1141 Huic
571 1085 660 1154 trade,
677 1086 784 1139 amissis
802 1092 934 1154 superant
952 1088 1000 1156 qui
1018 1087 1139 1153 navibus,
1157 1092 1187 1141 et
1205 1106 1275 1157 quos

481 1163 641 1217 Pertaesum
658 1162 750 1230 magui
767 1162 871 1231 incepti
889 1180 1037 1231 rerumque
1056 1168 1166 1217 tuarum
1186 1169 1244 1232 est3

480 1239 693 1307 Longaevosque
711 1255 790 1292 senes
807 1251 839 1292 ac
857 1239 943 1294 fessas
961 1255 1081 1307 aequore
1099 1244 1210 1306 matres,
1298 1258 1333 1298 715

479 1316 516 1369 m
533 1314 670 1384 quidquid
687 1318 779 1369 tecum
796 1315 946 1369 invalidum
964 1320 1144 1385 metuensque
1161 1317 1257 1385 pericli
1274 1322 1325 1387 est,

480 1392 583 1460 Delige,
603 1395 632 1446 et
650 1391 693 1445 his
710 1391 830 1445 habeant
847 1392 931 1445 terris
949 1392 1007 1446 sine
1026 1392 1133 1445 moenia
1149 1393 1230 1459 fessi3
1270 1388 1272 1394 ’

479 1468 585 1522 Urbem
602 1468 779 1538 appellabunt
796 1468 930 1536 permisso
948 1469 1056 1521 nomine
1075 1470 1214 1524 Acestam.

514 1545 624 1598 Talibus
641 1545 765 1598 incensus
783 1543 865 1598 dictis
883 1545 997 1597 senioris
1016 1545 1103 1611 amici,

478 1620 546 1675 'l'um
566 1636 629 1673 vcro
647 1620 675 1672 in
693 1637 772 1673 curas
789 1620 879 1673 animo
897 1620 1038 1675 diducitur
1056 1620 1152 1676 omnis.
1297 1635 1335 1678 72⁰

478 1696 516 1751 nt
534 1697 596 1750 Nox
614 1702 675 1750 atra
692 1696 785 1764 polum
803 1695 875 1764 bigis
894 1696 1025 1751 subvecta
1041 1697 1169 1751 tenebat:
1344 1695 1349 1703 '

478 1771 545 1827 Visa
563 1772 660 1826 dehinc
677 1771 752 1825 caelo
770 1772 852 1825 facies
872 1772 986 1842 delapsa
1002 1772 1126 1841 parentis

479 1848 616 1902 Anchisae
635 1846 726 1901 subito
743 1847 807 1900 talis
825 1847 967 1903 effundere
985 1866 1078 1904 voces:

477 1924 558 1992 Nate,
576 1924 643 1977 mihi
661 1923 719 1977 vita
736 1923 882 1992 quondam,
901 1924 967 1977 dum
985 1925 1042 1979 vita
1059 1924 1196 1993 manebat,

478 2000 548 2055 (lare
565 2001 660 2069 magis,
677 2003 750 2067 nate,
769 1999 861 2054 Iliacis
879 2001 1000 2055 exercite
1017 2002 1088 2068 fatis,
1296 2016 1333 2058 rae

478 2076 589 2145 Inperio
608 2076 682 2131 Iovis
698 2076 753 2130 huc
769 2077 857 2142 venio,
876 2076 923 2145 qui
941 2075 1072 2130 classibus
1089 2076 1181 2144 ignem

477 2152 599 2222 Depulit‚
616 2157 645 2208 et
662 2153 737 2207 caelo
755 2152 868 2206 tandem
886 2153 1032 2207 miseratus
1050 2151 1085 2205 ab
1103 2153 1159 2205 alto
1177 2156 1226 2207 est.

478 2229 603 2283 Consiliis
620 2246 694 2299 pare,
714 2244 784 2297 quae
802 2245 874 2282 nunc
891 2228 1074 2297 pulcherrima
1092 2227 1198 2282 Nautes

477 2305 533 2359 Dat
551 2306 654 2369 senior;
673 2306 758 2359 lectos
775 2304 896 2371 iuvenes,
913 2304 1061 2358 fortissima
1079 2304 1170 2369 corda,

476 2381 562 2436 Defer
579 2382 606 2435 iu
627 2381 751 2445 ltaliam3
772 2397 840 2448 gens
858 2379 928 2433 dura
945 2384 1030 2448 atque
1048 2396 1146 2447 aspera
1162 2380 1240 2435 cultu
1295 2397 1332 2439 7³0

476 2456 647 2510 Debellanda
664 2456 715 2510 tibi
734 2456 813 2509 Latio
832 2459 882 2509 est.
918 2456 990 2509 Ditis
1008 2459 1100 2509 tanuen
1118 2458 1183 2509 ante

478 2531 602 2585 Infernas
619 2532 719 2585 accede
737 2532 840 2597 domos,
858 2534 888 2585 et
907 2532 1019 2584 Averna
1036 2548 1086 2599 per
1103 2530 1160 2585 alta

477 2608 644 2677 Congressus
661 2612 732 2675 pete,
750 2612 822 2673 uate,
841 2624 923 2661 meos.
967 2608 992 2660 N
995 2625 1028 2660 ou
1047 2623 1091 2660 me
1109 2608 1194 2676 impia
1211 2625 1331 2678 namque

476 2684 590 2738 Tartara
606 2684 708 2737 habent
726 2683 855 2737 tristesve
874 2682 995 2751 umbrae,
1013 2684 1063 2736 sed
1081 2700 1194 2736 uuioena
1211 2685 1320 2753 piorum

476 2760 596 2816 Consilia
614 2760 789 2829 Elysiumque
807 2760 873 2814 colo.
910 2760 973 2814 Huc
992 2764 1068 2813 easta
1087 2759 1189 2828 Sibylla
1293 2776 1330 2816 rso

475 2837 623 2905 Nigrarum
640 2836 728 2891 multo
746 2835 882 2905 pmudnm
900 2841 929 2890 te
949 2837 1080 2904 sanguine
1100 2836 1189 2890 ducet.

475 2913 544 2967 Tum
557 2930 644 2981 genus
658 2928 739 2967 omne
753 2916 840 2978 tuum,
854 2917 885 2968 et
900 2929 970 2981 quae
987 2912 1088 2966 dentur
1103 2913 1215 2978 moenia,
1230 2912 1328 2967 disces.

475 2989 590 3057 Iamque
609 2989 683 3054 vale;
704 2993 817 3057 torquet
836 2989 940 3043 medios
959 2988 1021 3041 Nox
1040 2988 1153 3042 humida
1170 3005 1274 3057 cursus,

475 3065 512 3117 Et
528 3081 572 3120 me
590 3083 686 3120 saevus
704 3066 782 3135 equis
801 3065 900 3118 Oriens
918 3064 1031 3117 adflavit
1048 3065 1160 3118 anhelis.

474 3141 596 3209 Dixerat,
614 3147 643 3196 et
661 3143 753 3196 tenuis
771 3141 850 3210 fugit,
869 3158 919 3196 ceu
937 3141 1036 3207 fumus,
1055 3141 1082 3193 in
1101 3157 1187 3195 auras.
1292 3156 1329 3198 740

474 3218 590 3282 Aeneas
610 3218 669 3282 Quo
687 3218 789 3272 deinde
806 3218 882 3272 ruisi
904 3233 959 3287 quo
977 3218 1110 3286 proripisl
1131 3216 1230 3285 inquit,

474 3293 562 3357 Quem
578 3294 668 3362 fugisl
688 3298 736 3347 aut
754 3293 816 3362 quis
834 3297 863 3347 te
881 3294 983 3347 nostris
1001 3292 1177 3362 conplexibus
1195 3295 1289 3349 arcetl

474 3370 551 3425 Haec
569 3387 722 3424 memorans
739 3370 860 3424 cinerem
878 3374 908 3425 et·
925 3371 1029 3440 sopitos
1047 3370 1161 3425 suscitat
1178 3370 1258 3439 ignis,

469 3446 708 3516 Pergameumque
727 3446 826 3499 Larem
844 3450 874 3501 et
890 3464 973 3501 canae
991 3448 1142 3518 penetralia
1160 3446 1264 3501 Vestae

455 3520 548 3577 Fame
563 3523 614 3593 pio
632 3527 665 3579 et
683 3523 768 3595 plena
785 3523 906 3595 supplex
922 3528 1070 3579 ueneratur
1087 3539 1191 3576 acerra
1290 3536 1327 3578 ut

479 3596 643 3671 Extemplo
662 3602 759 3660 socios
776 3603 962 3675 primumque
979 3600 1102 3656 arcessit
1122 3599 1253 3659 neesson,

426 3664 474 3723 Et
495 3673 582 3732 lovis
598 3678 757 3752 inperium
776 3686 809 3740 et
829 3683 892 3739 cari
911 3680 1074 3753 praeopta
1089 3667 1222 3742 imm*
