<?xml version="1.0" encoding="UTF-8"?>
<!DOCTYPE html PUBLIC "-//W3C//DTD XHTML 1.0 Transitional//EN"
    "http://www.w3.org/TR/xhtml1/DTD/xhtml1-transitional.dtd">
<html xmlns="http://www.w3.org/1999/xhtml" xml:lang="en" lang="en">
 <head>
  <title>
</title>
<meta http-equiv="Content-Type" content="text/html;charset=utf-8" />
  <meta name='ocr-system' content='tesseract 3.04.00' />
  <meta name='ocr-capabilities' content='ocr_page ocr_carea ocr_par ocr_line ocrx_word'/>
</head>
<body>
  <div class='ocr_page' id='page_1' title='image "./publivergilimar02virggoog/publivergilimar02virggoog_0096.png"; bbox 0 0 3467 4367; ppageno 0'>
   <div class='ocr_carea' id='block_1_1' title="bbox 381 634 1331 3776">
    <p class='ocr_par' dir='ltr' id='par_1_1' title="bbox 472 634 1091 690">
     <span class='ocr_line' id='line_1_1' title="bbox 472 634 1091 690; baseline 0.008 -9"><span class='ocrx_word' id='word_1_1' title='bbox 472 644 502 690; x_wconf 77' lang='lat' dir='ltr'>sc</span> <span class='ocrx_word' id='word_1_2' title='bbox 705 636 736 685; x_wconf 85' lang='lat' dir='ltr'>P.</span> <span class='ocrx_word' id='word_1_3' title='bbox 757 634 909 684; x_wconf 79' lang='lat' dir='ltr'>VERGILI</span> <span class='ocrx_word' id='word_1_4' title='bbox 926 635 1091 686; x_wconf 83' lang='lat' dir='ltr'><strong>MARONIS</strong></span> 
     </span>
    </p>

    <p class='ocr_par' dir='ltr' id='par_1_2' title="bbox 472 716 1123 790">
     <span class='ocr_line' id='line_1_2' title="bbox 472 716 1123 790; baseline -0.005 -15"><span class='ocrx_word' id='word_1_5' title='bbox 472 721 585 788; x_wconf 86' lang='lat' dir='ltr'>Seditio,</span> <span class='ocrx_word' id='word_1_6' title='bbox 604 718 746 787; x_wconf 85' lang='lat' dir='ltr'>saeiitque</span> <span class='ocrx_word' id='word_1_7' title='bbox 765 717 861 771; x_wconf 86' lang='lat' dir='ltr'>animis</span> <span class='ocrx_word' id='word_1_8' title='bbox 880 716 1000 785; x_wconf 77' lang='lat' dir='ltr'>ignobile</span> <span class='ocrx_word' id='word_1_9' title='bbox 1018 719 1123 790; x_wconf 59' lang='lat' dir='ltr'>volgus</span> 
     </span>
    </p>

    <p class='ocr_par' dir='ltr' id='par_1_3' title="bbox 472 794 1329 1092">
     <span class='ocr_line' id='line_1_3' title="bbox 473 794 1329 871; baseline 0.001 -20"><span class='ocrx_word' id='word_1_10' title='bbox 473 800 588 865; x_wconf 84' lang='lat' dir='ltr'>lanrquo</span> <span class='ocrx_word' id='word_1_11' title='bbox 600 796 674 849; x_wconf 88' lang='lat' dir='ltr'>iaces</span> <span class='ocrx_word' id='word_1_12' title='bbox 685 800 714 849; x_wconf 90' lang='lat' dir='ltr'>et</span> <span class='ocrx_word' id='word_1_13' title='bbox 726 794 894 848; x_wconf 81' lang='lat' dir='ltr'>saxa&#39;rolaut</span> <span class='ocrx_word' id='word_1_14' title='bbox 906 794 994 861; x_wconf 82' lang='lat' dir='ltr'>(furor</span> <span class='ocrx_word' id='word_1_15' title='bbox 1006 812 1083 850; x_wconf 86' lang='lat' dir='ltr'>arma</span> <span class='ocrx_word' id='word_1_16' title='bbox 1092 796 1262 871; x_wconf 82' lang='lat' dir='ltr'>ministrat);</span> <span class='ocrx_word' id='word_1_17' title='bbox 1297 817 1329 858; x_wconf 79' lang='grc' dir='ltr'>ιω</span> 
     </span>
     <span class='ocr_line' id='line_1_4' title="bbox 472 870 1273 944; baseline 0.006 -19"><span class='ocrx_word' id='word_1_18' title='bbox 472 876 548 940; x_wconf 83' lang='lat' dir='ltr'>Tum,</span> <span class='ocrx_word' id='word_1_19' title='bbox 560 873 667 942; x_wconf 89' lang='lat' dir='ltr'>pietate</span> <span class='ocrx_word' id='word_1_20' title='bbox 678 888 790 938; x_wconf 84' lang='lat' dir='ltr'>gravem</span> <span class='ocrx_word' id='word_1_21' title='bbox 802 888 833 924; x_wconf 85' lang='lat' dir='ltr'>ao</span> <span class='ocrx_word' id='word_1_22' title='bbox 845 871 952 925; x_wconf 89' lang='lat' dir='ltr'>meritis</span> <span class='ocrx_word' id='word_1_23' title='bbox 965 870 988 924; x_wconf 90' lang='lat' dir='ltr'>si</span> <span class='ocrx_word' id='word_1_24' title='bbox 1000 872 1072 926; x_wconf 82' lang='lat' dir='ltr'>forte</span> <span class='ocrx_word' id='word_1_25' title='bbox 1083 872 1174 928; x_wconf 84' lang='lat' dir='ltr'>virum</span> <span class='ocrx_word' id='word_1_26' title='bbox 1187 891 1273 944; x_wconf 84' lang='lat' dir='ltr'>quem</span> 
     </span>
     <span class='ocr_line' id='line_1_5' title="bbox 473 947 1307 1019; baseline 0.004 -15"><span class='ocrx_word' id='word_1_27' title='bbox 473 952 654 1018; x_wconf 84' lang='lat' dir='ltr'>Conspexere,</span> <span class='ocrx_word' id='word_1_28' title='bbox 673 948 761 1013; x_wconf 87' lang='lat' dir='ltr'>silent,</span> <span class='ocrx_word' id='word_1_29' title='bbox 780 948 950 1016; x_wconf 77' lang='lat' dir='ltr'><strong>arrectisque</strong></span> <span class='ocrx_word' id='word_1_30' title='bbox 968 947 1081 1002; x_wconf 89' lang='lat' dir='ltr'>auribus</span> <span class='ocrx_word' id='word_1_31' title='bbox 1098 949 1230 1019; x_wconf 75' lang='lat' dir='ltr'>adstaut3</span> <span class='ocrx_word' id='word_1_32' title='bbox 1304 1001 1307 1006; x_wconf 95' lang='lat'>.</span> 
     </span>
     <span class='ocr_line' id='line_1_6' title="bbox 474 1023 1159 1092; baseline 0 -11"><span class='ocrx_word' id='word_1_33' title='bbox 474 1028 525 1080; x_wconf 91' lang='lat' dir='ltr'>Ille</span> <span class='ocrx_word' id='word_1_34' title='bbox 543 1025 615 1092; x_wconf 85' lang='lat' dir='ltr'>regit</span> <span class='ocrx_word' id='word_1_35' title='bbox 634 1024 715 1076; x_wconf 87' lang='lat' dir='ltr'>dictis</span> <span class='ocrx_word' id='word_1_36' title='bbox 733 1023 845 1090; x_wconf 90' lang='lat' dir='ltr'>animos,</span> <span class='ocrx_word' id='word_1_37' title='bbox 864 1026 894 1078; x_wconf 91' lang='lat' dir='ltr'>et</span> <span class='ocrx_word' id='word_1_38' title='bbox 911 1028 1024 1092; x_wconf 84' lang='lat' dir='ltr'>pectora</span> <span class='ocrx_word' id='word_1_39' title='bbox 1042 1025 1159 1081; x_wconf 85' lang='lat' dir='ltr'>mulcet:</span> 
     </span>
    </p>

    <p class='ocr_par' dir='ltr' id='par_1_4' title="bbox 473 1098 1329 1322">
     <span class='ocr_line' id='line_1_7' title="bbox 473 1098 1299 1173; baseline -0.002 -16"><span class='ocrx_word' id='word_1_40' title='bbox 473 1103 517 1157; x_wconf 80' lang='lat' dir='ltr'>Sic</span> <span class='ocrx_word' id='word_1_41' title='bbox 535 1105 648 1154; x_wconf 89' lang='lat' dir='ltr'>cunctus</span> <span class='ocrx_word' id='word_1_42' title='bbox 666 1099 755 1167; x_wconf 78' lang='lat' dir='ltr'>pelagi</span> <span class='ocrx_word' id='word_1_43' title='bbox 774 1098 875 1152; x_wconf 87' lang='lat' dir='ltr'>cecidit</span> <span class='ocrx_word' id='word_1_44' title='bbox 892 1099 993 1169; x_wconf 80' lang='lat' dir='ltr'>hagor,</span> <span class='ocrx_word' id='word_1_45' title='bbox 1010 1118 1131 1169; x_wconf 85' lang='lat' dir='ltr'>aequora</span> <span class='ocrx_word' id='word_1_46' title='bbox 1148 1109 1299 1173; x_wconf 76' lang='lat' dir='ltr'>postquam</span> 
     </span>
     <span class='ocr_line' id='line_1_8' title="bbox 473 1176 1329 1247; baseline 0.005 -15"><span class='ocrx_word' id='word_1_47' title='bbox 473 1177 644 1246; x_wconf 88' lang='lat' dir='ltr'>Prospiciens</span> <span class='ocrx_word' id='word_1_48' title='bbox 661 1177 770 1244; x_wconf 87' lang='lat' dir='ltr'>genitor</span> <span class='ocrx_word' id='word_1_49' title='bbox 788 1176 920 1244; x_wconf 86' lang='lat' dir='ltr'>caeloque</span> <span class='ocrx_word' id='word_1_50' title='bbox 937 1177 1062 1231; x_wconf 84' lang='lat' dir='ltr'>invectus</span> <span class='ocrx_word' id='word_1_51' title='bbox 1078 1184 1178 1247; x_wconf 85' lang='lat' dir='ltr'>aperto</span> <span class='ocrx_word' id='word_1_52' title='bbox 1211 1177 1218 1192; x_wconf 87' lang='lat'>&#39;</span> <span class='ocrx_word' id='word_1_53' title='bbox 1296 1197 1329 1236; x_wconf 78' lang='lat' dir='ltr'>ree</span> 
     </span>
     <span class='ocr_line' id='line_1_9' title="bbox 473 1252 1322 1322; baseline 0.002 -15"><span class='ocrx_word' id='word_1_54' title='bbox 473 1254 574 1308; x_wconf 78' lang='lat' dir='ltr'>Flectit</span> <span class='ocrx_word' id='word_1_55' title='bbox 592 1270 677 1321; x_wconf 89' lang='lat' dir='ltr'>equos</span> <span class='ocrx_word' id='word_1_56' title='bbox 695 1269 832 1321; x_wconf 82' lang='lat' dir='ltr'>curruque</span> <span class='ocrx_word' id='word_1_57' title='bbox 849 1253 944 1307; x_wconf 83' lang='lat' dir='ltr'>volans</span> <span class='ocrx_word' id='word_1_58' title='bbox 960 1253 1011 1307; x_wconf 90' lang='lat' dir='ltr'>dat</span> <span class='ocrx_word' id='word_1_59' title='bbox 1027 1252 1086 1307; x_wconf 82' lang='lat' dir='ltr'>lora</span> <span class='ocrx_word' id='word_1_60' title='bbox 1103 1256 1235 1322; x_wconf 77' lang='lat' dir='ltr'>secundo.</span> <span class='ocrx_word' id='word_1_61' title='bbox 1317 1311 1322 1318; x_wconf 76' lang='grc'><strong>,</strong></span> 
     </span>
    </p>

    <p class='ocr_par' dir='ltr' id='par_1_5' title="bbox 473 1328 1330 2161">
     <span class='ocr_line' id='line_1_10' title="bbox 508 1328 1239 1399; baseline 0.007 -17"><span class='ocrx_word' id='word_1_62' title='bbox 508 1330 615 1384; x_wconf 81' lang='lat' dir='ltr'>Defessi</span> <span class='ocrx_word' id='word_1_63' title='bbox 634 1328 790 1397; x_wconf 75' lang='lat' dir='ltr'>Aeneadae,</span> <span class='ocrx_word' id='word_1_64' title='bbox 808 1346 880 1399; x_wconf 87' lang='lat' dir='ltr'>quae</span> <span class='ocrx_word' id='word_1_65' title='bbox 897 1345 1031 1398; x_wconf 83' lang='lat' dir='ltr'>proxuma</span> <span class='ocrx_word' id='word_1_66' title='bbox 1048 1329 1136 1396; x_wconf 81' lang='lat' dir='ltr'>litora,</span> <span class='ocrx_word' id='word_1_67' title='bbox 1152 1347 1239 1386; x_wconf 85' lang='lat' dir='ltr'>cursu</span> 
     </span>
     <span class='ocr_line' id='line_1_11' title="bbox 473 1405 1247 1475; baseline 0.001 -14"><span class='ocrx_word' id='word_1_68' title='bbox 473 1407 651 1462; x_wconf 75' lang='lat' dir='ltr'>contendunt</span> <span class='ocrx_word' id='word_1_69' title='bbox 669 1410 770 1475; x_wconf 89' lang='lat' dir='ltr'>potere,</span> <span class='ocrx_word' id='word_1_70' title='bbox 788 1409 817 1460; x_wconf 88' lang='lat' dir='ltr'>et</span> <span class='ocrx_word' id='word_1_71' title='bbox 835 1405 938 1474; x_wconf 83' lang='lat' dir='ltr'>Libyae</span> <span class='ocrx_word' id='word_1_72' title='bbox 955 1408 1103 1460; x_wconf 85' lang='lat' dir='ltr'>vertuntur</span> <span class='ocrx_word' id='word_1_73' title='bbox 1119 1406 1157 1459; x_wconf 80' lang='lat' dir='ltr'>ad</span> <span class='ocrx_word' id='word_1_74' title='bbox 1175 1423 1247 1462; x_wconf 74' lang='lat' dir='ltr'>oras</span> 
     </span>
     <span class='ocr_line' id='line_1_12' title="bbox 473 1482 1139 1551; baseline -0.002 -14"><span class='ocrx_word' id='word_1_75' title='bbox 473 1484 524 1537; x_wconf 84' lang='lat' dir='ltr'>Est</span> <span class='ocrx_word' id='word_1_76' title='bbox 541 1484 569 1537; x_wconf 92' lang='lat' dir='ltr'>in</span> <span class='ocrx_word' id='word_1_77' title='bbox 587 1500 695 1537; x_wconf 87' lang='lat' dir='ltr'>secessu</span> <span class='ocrx_word' id='word_1_78' title='bbox 712 1482 794 1550; x_wconf 85' lang='lat' dir='ltr'>longo</span> <span class='ocrx_word' id='word_1_79' title='bbox 811 1482 901 1536; x_wconf 88' lang='lat' dir='ltr'>locus:</span> <span class='ocrx_word' id='word_1_80' title='bbox 921 1482 1010 1535; x_wconf 85' lang='lat' dir='ltr'>insula</span> <span class='ocrx_word' id='word_1_81' title='bbox 1027 1484 1139 1551; x_wconf 84' lang='lat' dir='ltr'>portum</span> 
     </span>
     <span class='ocr_line' id='line_1_13' title="bbox 473 1557 1330 1627; baseline 0.004 -14"><span class='ocrx_word' id='word_1_82' title='bbox 473 1560 563 1614; x_wconf 80' lang='lat' dir='ltr'>Efficit</span> <span class='ocrx_word' id='word_1_83' title='bbox 580 1561 690 1613; x_wconf 90' lang='lat' dir='ltr'>obiectu</span> <span class='ocrx_word' id='word_1_84' title='bbox 706 1558 832 1627; x_wconf 84' lang='lat' dir='ltr'>laterum,</span> <span class='ocrx_word' id='word_1_85' title='bbox 851 1557 951 1627; x_wconf 89' lang='lat' dir='ltr'>quibus</span> <span class='ocrx_word' id='word_1_86' title='bbox 968 1558 1056 1611; x_wconf 85' lang='lat' dir='ltr'>omnis</span> <span class='ocrx_word' id='word_1_87' title='bbox 1073 1557 1109 1611; x_wconf 87' lang='lat' dir='ltr'>ab</span> <span class='ocrx_word' id='word_1_88' title='bbox 1126 1558 1185 1614; x_wconf 87' lang='lat' dir='ltr'>alto</span> <span class='ocrx_word' id='word_1_89' title='bbox 1296 1576 1330 1616; x_wconf 81' lang='lat' dir='ltr'>rso</span> 
     </span>
     <span class='ocr_line' id='line_1_14' title="bbox 474 1633 1273 1705; baseline 0.001 -16"><span class='ocrx_word' id='word_1_90' title='bbox 474 1636 623 1705; x_wconf 80' lang='lat' dir='ltr'>Frangitur</span> <span class='ocrx_word' id='word_1_91' title='bbox 639 1635 723 1703; x_wconf 89' lang='lat' dir='ltr'>inque</span> <span class='ocrx_word' id='word_1_92' title='bbox 740 1635 816 1689; x_wconf 89' lang='lat' dir='ltr'>sinus</span> <span class='ocrx_word' id='word_1_93' title='bbox 834 1634 935 1689; x_wconf 78' lang='lat' dir='ltr'>scindit</span> <span class='ocrx_word' id='word_1_94' title='bbox 953 1650 1013 1689; x_wconf 88' lang='lat' dir='ltr'>sese</span> <span class='ocrx_word' id='word_1_95' title='bbox 1030 1633 1104 1687; x_wconf 89' lang='lat' dir='ltr'>unda</span> <span class='ocrx_word' id='word_1_96' title='bbox 1121 1634 1273 1703; x_wconf 81' lang='lat' dir='ltr'>reductos3</span> 
     </span>
     <span class='ocr_line' id='line_1_15' title="bbox 474 1710 1275 1781; baseline 0 -15"><span class='ocrx_word' id='word_1_97' title='bbox 474 1713 547 1767; x_wconf 92' lang='lat' dir='ltr'>Hinc</span> <span class='ocrx_word' id='word_1_98' title='bbox 563 1716 647 1781; x_wconf 87' lang='lat' dir='ltr'>atque</span> <span class='ocrx_word' id='word_1_99' title='bbox 665 1712 728 1765; x_wconf 90' lang='lat' dir='ltr'>hinc</span> <span class='ocrx_word' id='word_1_100' title='bbox 744 1715 839 1765; x_wconf 82' lang='lat' dir='ltr'>vastae</span> <span class='ocrx_word' id='word_1_101' title='bbox 856 1727 939 1781; x_wconf 90' lang='lat' dir='ltr'>rupes</span> <span class='ocrx_word' id='word_1_102' title='bbox 956 1710 1112 1778; x_wconf 86' lang='lat' dir='ltr'>geminique</span> <span class='ocrx_word' id='word_1_103' title='bbox 1130 1710 1275 1766; x_wconf 75' lang='lat' dir='ltr'>minantur</span> 
     </span>
     <span class='ocr_line' id='line_1_16' title="bbox 474 1786 1158 1856; baseline -0.001 -14"><span class='ocrx_word' id='word_1_104' title='bbox 474 1788 508 1842; x_wconf 92' lang='lat' dir='ltr'>ln</span> <span class='ocrx_word' id='word_1_105' title='bbox 526 1789 630 1842; x_wconf 91' lang='lat' dir='ltr'>caelum</span> <span class='ocrx_word' id='word_1_106' title='bbox 648 1787 758 1855; x_wconf 92' lang='lat' dir='ltr'>scopuli,</span> <span class='ocrx_word' id='word_1_107' title='bbox 776 1804 893 1856; x_wconf 86' lang='lat' dir='ltr'>quorum</span> <span class='ocrx_word' id='word_1_108' title='bbox 911 1787 963 1841; x_wconf 90' lang='lat' dir='ltr'>sub</span> <span class='ocrx_word' id='word_1_109' title='bbox 980 1786 1084 1840; x_wconf 82' lang='lat' dir='ltr'>vertice</span> <span class='ocrx_word' id='word_1_110' title='bbox 1101 1786 1158 1841; x_wconf 80' lang='lat' dir='ltr'>lete</span> 
     </span>
     <span class='ocr_line' id='line_1_17' title="bbox 473 1863 1223 1933; baseline 0.001 -16"><span class='ocrx_word' id='word_1_111' title='bbox 473 1865 605 1933; x_wconf 85' lang='lat' dir='ltr'>Aequora</span> <span class='ocrx_word' id='word_1_112' title='bbox 622 1868 684 1918; x_wconf 84' lang='lat' dir='ltr'>tuta</span> <span class='ocrx_word' id='word_1_113' title='bbox 701 1864 798 1928; x_wconf 75' lang='lat' dir='ltr'>silent,</span> <span class='ocrx_word' id='word_1_114' title='bbox 816 1868 876 1917; x_wconf 86' lang='lat' dir='ltr'>turn</span> <span class='ocrx_word' id='word_1_115' title='bbox 894 1863 969 1916; x_wconf 75' lang='lat' dir='ltr'>siliis</span> <span class='ocrx_word' id='word_1_116' title='bbox 988 1879 1085 1916; x_wconf 87' lang='lat' dir='ltr'>scaena</span> <span class='ocrx_word' id='word_1_117' title='bbox 1101 1864 1223 1918; x_wconf 77' lang='lat' dir='ltr'>coruscis</span> 
     </span>
     <span class='ocr_line' id='line_1_18' title="bbox 473 1937 1330 2008; baseline 0.005 -16"><span class='ocrx_word' id='word_1_118' title='bbox 473 1938 599 2008; x_wconf 88' lang='lat' dir='ltr'>Desuper</span> <span class='ocrx_word' id='word_1_119' title='bbox 611 1940 787 2007; x_wconf 90' lang='lat' dir='ltr'>horrentique</span> <span class='ocrx_word' id='word_1_120' title='bbox 799 1942 890 1992; x_wconf 89' lang='lat' dir='ltr'>atrum</span> <span class='ocrx_word' id='word_1_121' title='bbox 901 1955 999 1992; x_wconf 88' lang='lat' dir='ltr'>nemus</span> <span class='ocrx_word' id='word_1_122' title='bbox 1010 1937 1136 1994; x_wconf 85' lang='lat' dir='ltr'>imminet</span> <span class='ocrx_word' id='word_1_123' title='bbox 1147 1939 1266 2008; x_wconf 85' lang='lat' dir='ltr'>umbra;</span> <span class='ocrx_word' id='word_1_124' title='bbox 1295 1957 1330 1996; x_wconf 75' lang='lat' dir='ltr'>m</span> 
     </span>
     <span class='ocr_line' id='line_1_19' title="bbox 474 2014 1255 2093; baseline 0.001 -24"><span class='ocrx_word' id='word_1_125' title='bbox 474 2016 576 2070; x_wconf 85' lang='lat' dir='ltr'>Fronte</span> <span class='ocrx_word' id='word_1_126' title='bbox 594 2016 644 2069; x_wconf 91' lang='lat' dir='ltr'>sub</span> <span class='ocrx_word' id='word_1_127' title='bbox 662 2016 777 2069; x_wconf 79' lang='lat' dir='ltr'>adversa</span> <span class='ocrx_word' id='word_1_128' title='bbox 795 2015 912 2083; x_wconf 88' lang='lat' dir='ltr'>scopulis</span> <span class='ocrx_word' id='word_1_129' title='bbox 929 2014 1113 2084; x_wconf 86' lang='lat' dir='ltr'>pendentibus</span> <span class='ocrx_word' id='word_1_130' title='bbox 1131 2019 1255 2093; x_wconf 83' lang='lat' dir='ltr'>antrum,</span> 
     </span>
     <span class='ocr_line' id='line_1_20' title="bbox 473 2091 1109 2161; baseline 0 -16"><span class='ocrx_word' id='word_1_131' title='bbox 473 2091 554 2147; x_wconf 90' lang='lat' dir='ltr'>Intus</span> <span class='ocrx_word' id='word_1_132' title='bbox 571 2108 659 2161; x_wconf 87' lang='lat' dir='ltr'>aquae</span> <span class='ocrx_word' id='word_1_133' title='bbox 677 2091 770 2153; x_wconf 86' lang='lat' dir='ltr'>dulces</span> <span class='ocrx_word' id='word_1_134' title='bbox 786 2091 903 2160; x_wconf 83' lang='lat' dir='ltr'>vivoque</span> <span class='ocrx_word' id='word_1_135' title='bbox 921 2092 1018 2146; x_wconf 84' lang='lat' dir='ltr'>sedilis</span> <span class='ocrx_word' id='word_1_136' title='bbox 1037 2108 1109 2158; x_wconf 82' lang='lat' dir='ltr'>saxo,</span> 
     </span>
    </p>

    <p class='ocr_par' dir='ltr' id='par_1_6' title="bbox 473 2167 1252 2312">
     <span class='ocr_line' id='line_1_21' title="bbox 474 2167 1252 2239; baseline 0.001 -18"><span class='ocrx_word' id='word_1_137' title='bbox 474 2167 661 2239; x_wconf 81' lang='lat' dir='ltr'>Nympharum</span> <span class='ocrx_word' id='word_1_138' title='bbox 679 2168 790 2222; x_wconf 88' lang='lat' dir='ltr'>domus:</span> <span class='ocrx_word' id='word_1_139' title='bbox 808 2167 852 2221; x_wconf 92' lang='lat' dir='ltr'>hic</span> <span class='ocrx_word' id='word_1_140' title='bbox 869 2168 955 2221; x_wconf 82' lang='lat' dir='ltr'>fessas</span> <span class='ocrx_word' id='word_1_141' title='bbox 973 2185 1027 2222; x_wconf 93' lang='lat' dir='ltr'>non</span> <span class='ocrx_word' id='word_1_142' title='bbox 1045 2167 1152 2222; x_wconf 84' lang='lat' dir='ltr'>vincula</span> <span class='ocrx_word' id='word_1_143' title='bbox 1169 2168 1252 2222; x_wconf 78' lang='lat' dir='ltr'>uaris</span> 
     </span>
     <span class='ocr_line' id='line_1_22' title="bbox 473 2244 1162 2312; baseline -0.003 -13"><span class='ocrx_word' id='word_1_144' title='bbox 473 2246 537 2299; x_wconf 89' lang='lat' dir='ltr'>Ulla</span> <span class='ocrx_word' id='word_1_145' title='bbox 554 2249 657 2312; x_wconf 87' lang='lat' dir='ltr'>tenent,</span> <span class='ocrx_word' id='word_1_146' title='bbox 675 2261 744 2299; x_wconf 90' lang='lat' dir='ltr'>unco</span> <span class='ocrx_word' id='word_1_147' title='bbox 761 2247 816 2297; x_wconf 86' lang='lat' dir='ltr'>hon</span> <span class='ocrx_word' id='word_1_148' title='bbox 833 2244 928 2311; x_wconf 86' lang='lat' dir='ltr'>alligat</span> <span class='ocrx_word' id='word_1_149' title='bbox 945 2260 1045 2298; x_wconf 89' lang='lat' dir='ltr'>ancora</span> <span class='ocrx_word' id='word_1_150' title='bbox 1062 2260 1162 2297; x_wconf 89' lang='lat' dir='ltr'>morsu.</span> 
     </span>
    </p>

    <p class='ocr_par' dir='ltr' id='par_1_7' title="bbox 381 2320 1331 2618">
     <span class='ocr_line' id='line_1_23' title="bbox 381 2320 1331 2392; baseline -0.004 -16"><span class='ocrx_word' id='word_1_151' title='bbox 381 2387 383 2392; x_wconf 89' lang='lat'><em>.</em></span> <span class='ocrx_word' id='word_1_152' title='bbox 473 2322 536 2377; x_wconf 92' lang='lat' dir='ltr'>Huc</span> <span class='ocrx_word' id='word_1_153' title='bbox 553 2327 659 2392; x_wconf 84' lang='lat' dir='ltr'>septem</span> <span class='ocrx_word' id='word_1_154' title='bbox 678 2324 787 2375; x_wconf 86' lang='lat' dir='ltr'>Aeneas</span> <span class='ocrx_word' id='word_1_155' title='bbox 804 2320 924 2374; x_wconf 92' lang='lat' dir='ltr'>collectis</span> <span class='ocrx_word' id='word_1_156' title='bbox 941 2321 1055 2374; x_wconf 87' lang='lat' dir='ltr'>navibus</span> <span class='ocrx_word' id='word_1_157' title='bbox 1073 2320 1146 2373; x_wconf 92' lang='lat' dir='ltr'>omni</span> <span class='ocrx_word' id='word_1_158' title='bbox 1295 2334 1331 2378; x_wconf 67' lang='grc' dir='ltr'>ιω</span> 
     </span>
     <span class='ocr_line' id='line_1_24' title="bbox 473 2396 1277 2465; baseline -0.004 -14"><span class='ocrx_word' id='word_1_159' title='bbox 473 2398 515 2452; x_wconf 83' lang='lat' dir='ltr'>Ex</span> <span class='ocrx_word' id='word_1_160' title='bbox 532 2415 646 2455; x_wconf 90' lang='lat' dir='ltr'>numero</span> <span class='ocrx_word' id='word_1_161' title='bbox 664 2397 753 2462; x_wconf 88' lang='lat' dir='ltr'>subit;</span> <span class='ocrx_word' id='word_1_162' title='bbox 773 2414 805 2451; x_wconf 89' lang='lat' dir='ltr'>ac</span> <span class='ocrx_word' id='word_1_163' title='bbox 822 2413 922 2465; x_wconf 85' lang='lat' dir='ltr'>magno</span> <span class='ocrx_word' id='word_1_164' title='bbox 941 2396 1048 2451; x_wconf 87' lang='lat' dir='ltr'>telluris</span> <span class='ocrx_word' id='word_1_165' title='bbox 1064 2410 1156 2450; x_wconf 87' lang='lat' dir='ltr'>amore</span> <span class='ocrx_word' id='word_1_166' title='bbox 1268 2417 1277 2430; x_wconf 86' lang='lat'><strong>·</strong></span> 
     </span>
     <span class='ocr_line' id='line_1_25' title="bbox 473 2474 1059 2543; baseline -0.002 -15"><span class='ocrx_word' id='word_1_167' title='bbox 473 2475 583 2543; x_wconf 78' lang='lat' dir='ltr'>Egressi</span> <span class='ocrx_word' id='word_1_168' title='bbox 601 2477 696 2542; x_wconf 81' lang='lat' dir='ltr'>optata</span> <span class='ocrx_word' id='word_1_169' title='bbox 711 2474 855 2541; x_wconf 89' lang='lat' dir='ltr'>potiuntur</span> <span class='ocrx_word' id='word_1_170' title='bbox 874 2474 957 2527; x_wconf 82' lang='lat' dir='ltr'>Troes</span> <span class='ocrx_word' id='word_1_171' title='bbox 975 2488 1059 2527; x_wconf 86' lang='lat' dir='ltr'>arena</span> 
     </span>
     <span class='ocr_line' id='line_1_26' title="bbox 473 2549 1088 2618; baseline 0.003 -15"><span class='ocrx_word' id='word_1_172' title='bbox 473 2551 509 2603; x_wconf 83' lang='lat' dir='ltr'>Et</span> <span class='ocrx_word' id='word_1_173' title='bbox 528 2551 584 2603; x_wconf 83' lang='lat' dir='ltr'>sale</span> <span class='ocrx_word' id='word_1_174' title='bbox 601 2549 721 2603; x_wconf 90' lang='lat' dir='ltr'>tabentis</span> <span class='ocrx_word' id='word_1_175' title='bbox 738 2553 815 2601; x_wconf 86' lang='lat' dir='ltr'>artus</span> <span class='ocrx_word' id='word_1_176' title='bbox 832 2549 861 2602; x_wconf 94' lang='lat' dir='ltr'>in</span> <span class='ocrx_word' id='word_1_177' title='bbox 879 2549 960 2603; x_wconf 90' lang='lat' dir='ltr'>litore</span> <span class='ocrx_word' id='word_1_178' title='bbox 977 2552 1088 2618; x_wconf 89' lang='lat' dir='ltr'>ponunt.</span> 
     </span>
    </p>

    <p class='ocr_par' dir='ltr' id='par_1_8' title="bbox 473 2624 1330 2846">
     <span class='ocr_line' id='line_1_27' title="bbox 473 2624 1169 2694; baseline 0.004 -14"><span class='ocrx_word' id='word_1_179' title='bbox 473 2629 516 2680; x_wconf 91' lang='lat' dir='ltr'>Ac</span> <span class='ocrx_word' id='word_1_180' title='bbox 533 2626 652 2694; x_wconf 86' lang='lat' dir='ltr'>primum</span> <span class='ocrx_word' id='word_1_181' title='bbox 670 2624 736 2678; x_wconf 88' lang='lat' dir='ltr'>silici</span> <span class='ocrx_word' id='word_1_182' title='bbox 753 2625 898 2679; x_wconf 84' lang='lat' dir='ltr'>scintillam</span> <span class='ocrx_word' id='word_1_183' title='bbox 917 2627 1030 2681; x_wconf 84' lang='lat' dir='ltr'>excudit</span> <span class='ocrx_word' id='word_1_184' title='bbox 1048 2628 1169 2685; x_wconf 83' lang='lat' dir='ltr'>Achates</span> 
     </span>
     <span class='ocr_line' id='line_1_28' title="bbox 473 2699 1330 2770; baseline 0.002 -14"><span class='ocrx_word' id='word_1_185' title='bbox 473 2701 654 2769; x_wconf 81' lang='lat' dir='ltr'>Sucocpitque</span> <span class='ocrx_word' id='word_1_186' title='bbox 672 2699 763 2767; x_wconf 88' lang='lat' dir='ltr'>ignem</span> <span class='ocrx_word' id='word_1_187' title='bbox 780 2700 852 2754; x_wconf 84' lang='lat' dir='ltr'>loliis</span> <span class='ocrx_word' id='word_1_188' title='bbox 870 2706 954 2770; x_wconf 88' lang='lat' dir='ltr'>atque</span> <span class='ocrx_word' id='word_1_189' title='bbox 972 2702 1050 2756; x_wconf 88' lang='lat' dir='ltr'>arida</span> <span class='ocrx_word' id='word_1_190' title='bbox 1067 2704 1168 2758; x_wconf 90' lang='lat' dir='ltr'>circum</span> <span class='ocrx_word' id='word_1_191' title='bbox 1293 2721 1330 2766; x_wconf 74' lang='lat' dir='ltr'>lte</span> 
     </span>
     <span class='ocr_line' id='line_1_29' title="bbox 474 2776 1231 2846; baseline 0.008 -15"><span class='ocrx_word' id='word_1_192' title='bbox 474 2778 650 2831; x_wconf 83' lang='lat' dir='ltr'>Nutrimcnta</span> <span class='ocrx_word' id='word_1_193' title='bbox 668 2776 745 2830; x_wconf 88' lang='lat' dir='ltr'>dedit</span> <span class='ocrx_word' id='word_1_194' title='bbox 763 2776 908 2846; x_wconf 87' lang='lat' dir='ltr'>rapuitque</span> <span class='ocrx_word' id='word_1_195' title='bbox 926 2778 953 2830; x_wconf 93' lang='lat' dir='ltr'>in</span> <span class='ocrx_word' id='word_1_196' title='bbox 972 2778 1067 2832; x_wconf 82' lang='lat' dir='ltr'>fomite</span> <span class='ocrx_word' id='word_1_197' title='bbox 1084 2779 1231 2837; x_wconf 84' lang='lat' dir='ltr'>flammam.</span> 
     </span>
    </p>

    <p class='ocr_par' dir='ltr' id='par_1_9' title="bbox 472 2854 1249 3000">
     <span class='ocr_line' id='line_1_30' title="bbox 472 2854 1249 2923; baseline 0.006 -15"><span class='ocrx_word' id='word_1_198' title='bbox 472 2855 541 2908; x_wconf 84' lang='lat' dir='ltr'>Tum</span> <span class='ocrx_word' id='word_1_199' title='bbox 559 2854 687 2908; x_wconf 81' lang='lat' dir='ltr'>Cererem</span> <span class='ocrx_word' id='word_1_200' title='bbox 705 2859 861 2923; x_wconf 86' lang='lat' dir='ltr'>corruptam</span> <span class='ocrx_word' id='word_1_201' title='bbox 879 2854 960 2908; x_wconf 74' lang='lat' dir='ltr'>surdis</span> <span class='ocrx_word' id='word_1_202' title='bbox 978 2854 1155 2923; x_wconf 85' lang='lat' dir='ltr'>Cerealiaque</span> <span class='ocrx_word' id='word_1_203' title='bbox 1172 2871 1249 2913; x_wconf 76' lang='lat' dir='ltr'>arms</span> 
     </span>
     <span class='ocr_line' id='line_1_31' title="bbox 473 2929 1141 3000; baseline 0.003 -17"><span class='ocrx_word' id='word_1_204' title='bbox 473 2931 631 3000; x_wconf 81' lang='lat' dir='ltr'>Expediunt</span> <span class='ocrx_word' id='word_1_205' title='bbox 648 2930 712 2983; x_wconf 84' lang='lat' dir='ltr'>fessi</span> <span class='ocrx_word' id='word_1_206' title='bbox 730 2947 829 2996; x_wconf 89' lang='lat' dir='ltr'>rorum,</span> <span class='ocrx_word' id='word_1_207' title='bbox 848 2929 997 2999; x_wconf 82' lang='lat' dir='ltr'>frugesque</span> <span class='ocrx_word' id='word_1_208' title='bbox 1015 2935 1141 3000; x_wconf 82' lang='lat' dir='ltr'>receptas</span> 
     </span>
    </p>

    <p class='ocr_par' dir='ltr' id='par_1_10' title="bbox 473 3006 1165 3076">
     <span class='ocr_line' id='line_1_32' title="bbox 473 3006 1165 3076; baseline 0.001 -15"><span class='ocrx_word' id='word_1_209' title='bbox 473 3007 509 3061; x_wconf 88' lang='lat' dir='ltr'>Ilt</span> <span class='ocrx_word' id='word_1_210' title='bbox 527 3010 632 3061; x_wconf 89' lang='lat' dir='ltr'>torrcre</span> <span class='ocrx_word' id='word_1_211' title='bbox 649 3011 748 3074; x_wconf 84' lang='lat' dir='ltr'>parant</span> <span class='ocrx_word' id='word_1_212' title='bbox 765 3006 881 3059; x_wconf 86' lang='lat' dir='ltr'>flammis</span> <span class='ocrx_word' id='word_1_213' title='bbox 899 3010 928 3060; x_wconf 89' lang='lat' dir='ltr'>et</span> <span class='ocrx_word' id='word_1_214' title='bbox 946 3008 1073 3076; x_wconf 83' lang='lat' dir='ltr'>frangere</span> <span class='ocrx_word' id='word_1_215' title='bbox 1092 3025 1165 3064; x_wconf 83' lang='lat' dir='ltr'>saxo.</span> 
     </span>
    </p>

    <p class='ocr_par' dir='ltr' id='par_1_11' title="bbox 472 3082 1329 3305">
     <span class='ocr_line' id='line_1_33' title="bbox 508 3082 1329 3151; baseline 0.007 -15"><span class='ocrx_word' id='word_1_216' title='bbox 508 3084 616 3137; x_wconf 84' lang='lat' dir='ltr'>Aeneas</span> <span class='ocrx_word' id='word_1_217' title='bbox 634 3082 773 3151; x_wconf 90' lang='lat' dir='ltr'>scopulum</span> <span class='ocrx_word' id='word_1_218' title='bbox 791 3084 898 3137; x_wconf 90' lang='lat' dir='ltr'>interca</span> <span class='ocrx_word' id='word_1_219' title='bbox 915 3084 1072 3138; x_wconf 88' lang='lat' dir='ltr'>conscendit</span> <span class='ocrx_word' id='word_1_220' title='bbox 1091 3088 1120 3138; x_wconf 89' lang='lat' dir='ltr'>et</span> <span class='ocrx_word' id='word_1_221' title='bbox 1138 3100 1247 3139; x_wconf 87' lang='lat' dir='ltr'>onmem</span> <span class='ocrx_word' id='word_1_222' title='bbox 1292 3102 1329 3142; x_wconf 82' lang='lat' dir='ltr'>rso</span> 
     </span>
     <span class='ocr_line' id='line_1_34' title="bbox 473 3159 1212 3230; baseline 0.001 -16"><span class='ocrx_word' id='word_1_223' title='bbox 473 3162 650 3230; x_wconf 89' lang='lat' dir='ltr'>Prospectum</span> <span class='ocrx_word' id='word_1_224' title='bbox 669 3159 726 3214; x_wconf 86' lang='lat' dir='ltr'>late</span> <span class='ocrx_word' id='word_1_225' title='bbox 742 3160 839 3229; x_wconf 85' lang='lat' dir='ltr'>pelago</span> <span class='ocrx_word' id='word_1_226' title='bbox 857 3160 938 3228; x_wconf 87' lang='lat' dir='ltr'>petit,</span> <span class='ocrx_word' id='word_1_227' title='bbox 958 3160 1070 3213; x_wconf 85' lang='lat' dir='ltr'>Anthea</span> <span class='ocrx_word' id='word_1_228' title='bbox 1087 3159 1111 3213; x_wconf 89' lang='lat' dir='ltr'>si</span> <span class='ocrx_word' id='word_1_229' title='bbox 1129 3176 1212 3229; x_wconf 92' lang='lat' dir='ltr'>quem</span> 
     </span>
     <span class='ocr_line' id='line_1_35' title="bbox 472 3236 1161 3305; baseline -0.003 -14"><span class='ocrx_word' id='word_1_230' title='bbox 472 3238 608 3291; x_wconf 85' lang='lat' dir='ltr'>lactatum</span> <span class='ocrx_word' id='word_1_231' title='bbox 626 3241 708 3291; x_wconf 85' lang='lat' dir='ltr'>vento</span> <span class='ocrx_word' id='word_1_232' title='bbox 726 3237 818 3291; x_wconf 76' lang='lat' dir='ltr'>videat</span> <span class='ocrx_word' id='word_1_233' title='bbox 837 3237 1023 3305; x_wconf 84' lang='lat' dir='ltr'>Phrygiasque</span> <span class='ocrx_word' id='word_1_234' title='bbox 1041 3236 1161 3304; x_wconf 89' lang='lat' dir='ltr'>biremis,</span> 
     </span>
    </p>

    <p class='ocr_par' dir='ltr' id='par_1_12' title="bbox 408 3312 1327 3776">
     <span class='ocr_line' id='line_1_36' title="bbox 472 3312 1207 3403; baseline 0 -36"><span class='ocrx_word' id='word_1_235' title='bbox 472 3317 532 3367; x_wconf 86' lang='lat' dir='ltr'>Aut</span> <span class='ocrx_word' id='word_1_236' title='bbox 550 3314 650 3403; x_wconf 83' lang='lat' dir='ltr'>Capyn,</span> <span class='ocrx_word' id='word_1_237' title='bbox 667 3318 716 3367; x_wconf 86' lang='lat' dir='ltr'>aut</span> <span class='ocrx_word' id='word_1_238' title='bbox 734 3313 813 3368; x_wconf 87' lang='lat' dir='ltr'>celsis</span> <span class='ocrx_word' id='word_1_239' title='bbox 830 3313 857 3366; x_wconf 92' lang='lat' dir='ltr'>in</span> <span class='ocrx_word' id='word_1_240' title='bbox 876 3312 1013 3381; x_wconf 87' lang='lat' dir='ltr'>puppibus</span> <span class='ocrx_word' id='word_1_241' title='bbox 1030 3328 1108 3366; x_wconf 87' lang='lat' dir='ltr'>arma</span> <span class='ocrx_word' id='word_1_242' title='bbox 1125 3312 1207 3368; x_wconf 85' lang='lat' dir='ltr'>Caici.</span> 
     </span>
     <span class='ocr_line' id='line_1_37' title="bbox 471 3387 1194 3459; baseline 0 -16"><span class='ocrx_word' id='word_1_243' title='bbox 471 3390 497 3442; x_wconf 90' lang='lat' dir='ltr'>N</span> <span class='ocrx_word' id='word_1_244' title='bbox 499 3407 576 3443; x_wconf 82' lang='lat' dir='ltr'>avem</span> <span class='ocrx_word' id='word_1_245' title='bbox 593 3407 621 3443; x_wconf 90' lang='lat' dir='ltr'>m</span> <span class='ocrx_word' id='word_1_246' title='bbox 639 3394 786 3459; x_wconf 87' lang='lat' dir='ltr'>conspectu</span> <span class='ocrx_word' id='word_1_247' title='bbox 803 3388 913 3455; x_wconf 89' lang='lat' dir='ltr'>nullam,</span> <span class='ocrx_word' id='word_1_248' title='bbox 932 3387 983 3441; x_wconf 88' lang='lat' dir='ltr'>tris</span> <span class='ocrx_word' id='word_1_249' title='bbox 1001 3388 1082 3441; x_wconf 91' lang='lat' dir='ltr'>litore</span> <span class='ocrx_word' id='word_1_250' title='bbox 1100 3404 1194 3443; x_wconf 83' lang='lat' dir='ltr'>cervos</span> 
     </span>
     <span class='ocr_line' id='line_1_38' title="bbox 463 3465 1327 3534; baseline -0.002 -16"><span class='ocrx_word' id='word_1_251' title='bbox 463 3466 604 3534; x_wconf 78' lang='lat' dir='ltr'>Proqoicit</span> <span class='ocrx_word' id='word_1_252' title='bbox 621 3467 754 3531; x_wconf 74' lang='lat' dir='ltr'>errantis,</span> <span class='ocrx_word' id='word_1_253' title='bbox 775 3465 826 3519; x_wconf 91' lang='lat' dir='ltr'>hos</span> <span class='ocrx_word' id='word_1_254' title='bbox 843 3466 906 3519; x_wconf 84' lang='lat' dir='ltr'>tote</span> <span class='ocrx_word' id='word_1_255' title='bbox 921 3467 1047 3518; x_wconf 81' lang='lat' dir='ltr'>armenta</span> <span class='ocrx_word' id='word_1_256' title='bbox 1063 3467 1215 3531; x_wconf 77' lang='lat' dir='ltr'>sequuntur</span> <span class='ocrx_word' id='word_1_257' title='bbox 1290 3481 1327 3523; x_wconf 76' lang='lat' dir='ltr'>m</span> 
     </span>
     <span class='ocr_line' id='line_1_39' title="bbox 445 3540 1221 3615; baseline 0 -25"><span class='ocrx_word' id='word_1_258' title='bbox 445 3540 473 3589; x_wconf 85' lang='grc' dir='ltr'><em>Α</em></span> <span class='ocrx_word' id='word_1_259' title='bbox 497 3545 585 3607; x_wconf 78' lang='lat' dir='ltr'>tergo,</span> <span class='ocrx_word' id='word_1_260' title='bbox 607 3548 638 3597; x_wconf 85' lang='lat' dir='ltr'>ct</span> <span class='ocrx_word' id='word_1_261' title='bbox 655 3544 771 3614; x_wconf 85' lang='lat' dir='ltr'>longum</span> <span class='ocrx_word' id='word_1_262' title='bbox 789 3560 846 3615; x_wconf 90' lang='lat' dir='ltr'>per</span> <span class='ocrx_word' id='word_1_263' title='bbox 862 3540 947 3598; x_wconf 83' lang='lat' dir='ltr'>vallis</span> <span class='ocrx_word' id='word_1_264' title='bbox 963 3541 1091 3611; x_wconf 79' lang='lat' dir='ltr'>poscitur</span> <span class='ocrx_word' id='word_1_265' title='bbox 1108 3552 1221 3603; x_wconf 77' lang='lat' dir='ltr'>agmen.</span> 
     </span>
     <span class='ocr_line' id='line_1_40' title="bbox 428 3607 1271 3694; baseline 0.009 -30"><span class='ocrx_word' id='word_1_266' title='bbox 428 3609 574 3671; x_wconf 75' lang='lat' dir='ltr'>Constitit</span> <span class='ocrx_word' id='word_1_267' title='bbox 589 3617 646 3688; x_wconf 84' lang='lat' dir='ltr'>hie,</span> <span class='ocrx_word' id='word_1_268' title='bbox 667 3638 836 3694; x_wconf 82' lang='lat' dir='ltr'>arcumque</span> <span class='ocrx_word' id='word_1_269' title='bbox 853 3636 947 3677; x_wconf 85' lang='lat' dir='ltr'>manu</span> <span class='ocrx_word' id='word_1_270' title='bbox 964 3616 1129 3681; x_wconf 78' lang='lat' dir='ltr'>celerisque</span> <span class='ocrx_word' id='word_1_271' title='bbox 1146 3607 1271 3671; x_wconf 45' lang='grc' dir='ltr'>ΜΨ</span> 
     </span>
     <span class='ocr_line' id='line_1_41' title="bbox 408 3679 1195 3776; baseline -0.01 -22"><span class='ocrx_word' id='word_1_272' title='bbox 408 3679 575 3761; x_wconf 64' lang='lat' dir='ltr'>0⁰²17‘11111‘t,</span> <span class='ocrx_word' id='word_1_273' title='bbox 596 3696 679 3755; x_wconf 80' lang='lat' dir='ltr'>lidus</span> <span class='ocrx_word' id='word_1_274' title='bbox 701 3718 784 3776; x_wconf 85' lang='lat' dir='ltr'>quae</span> <span class='ocrx_word' id='word_1_275' title='bbox 807 3701 873 3760; x_wconf 86' lang='lat' dir='ltr'>tela</span> <span class='ocrx_word' id='word_1_276' title='bbox 894 3696 1030 3771; x_wconf 81' lang='lat' dir='ltr'>gerebat</span> <span class='ocrx_word' id='word_1_277' title='bbox 1049 3686 1195 3746; x_wconf 65' lang='lat' dir='ltr'>Achates,</span> 
     </span>
    </p>
   </div>
   <div class='ocr_carea' id='block_1_2' title="bbox 0 0 1738 4367">
    <p class='ocr_par' dir='ltr' id='par_1_13' title="bbox 0 0 1738 4367">
     <span class='ocr_line' id='line_1_42' title="bbox 0 0 1738 4367; baseline 0 0"><span class='ocrx_word' id='word_1_278' title='bbox 0 0 1738 4367; x_wconf 95' lang='lat' dir='ltr'> </span> 
     </span>
    </p>
   </div>
  </div>
 </body>
</html>
