3467 4367
663 626 846 677 AENEIDOS
863 627 935 679 LIB.
953 626 1019 677 VII.
1217 622 1265 674 223

410 704 535 758 Terribili
552 704 682 774 inpexum
700 710 784 774 saeta,
802 722 865 760 eum
883 706 1012 761 dentibus
1029 704 1099 763 albis

411 781 530 834 Indutus
548 782 639 850 capiti,
657 782 695 836 sic
712 782 788 850 regia
805 786 880 836 tecta
898 783 1016 850 subibat,

399 857 556 922 Horridus,
576 858 765 925 Herculeoque
784 859 912 912 humeros
930 860 1045 913 innexus
1063 860 1174 932 amictu.

447 933 516 986 Tum
533 933 633 1000 gemini
651 933 751 987 fratres
769 934 895 988 Tiburtia
913 936 1018 989 moenia
1035 935 1170 1006 linquunt,
1227 948 1265 992 ero

412 1009 519 1062 Fratris
537 1009 644 1063 Tiburti
661 1009 762 1063 dictam
779 1011 940 1078 cognomine
956 1016 1076 1079 gentem,

412 1085 582 1154 Catillusque
600 1102 716 1154 acerque
735 1087 827 1153 Coras,
847 1087 951 1154 Argiva
969 1088 1103 1157 iuventus,

412 1162 449 1215 Et
467 1162 582 1229 primam
600 1166 664 1216 ante
681 1163 767 1216 aciem
785 1162 871 1216 densa
888 1163 961 1217 inter
978 1165 1035 1217 tela
1053 1164 1192 1219 feruntur:

413 1238 471 1290 Oeu
489 1237 543 1291 duo
560 1238 712 1306 nubigenae
730 1256 792 1293 eum
810 1239 913 1293 vertice
931 1240 1030 1293 montis
1048 1239 1083 1293 ab
1101 1240 1157 1295 alto

413 1313 590 1368 Descendunt
603 1315 741 1384 Centauri,
755 1316 892 1369 Homolen
906 1315 1076 1385 Othrquue
1088 1316 1204 1370 nivalem
1229 1326 1267 1370 ers

413 1389 582 1457 Linquentes
599 1407 680 1445 eursu
698 1391 808 1460 rapido;
826 1391 876 1444 dat
894 1392 1022 1445 euntibus
1039 1392 1135 1460 ingens

414 1466 487 1519 Silva
504 1466 600 1534 locum,
618 1472 647 1521 et
665 1484 763 1537 magno
781 1467 883 1522 cedunt
901 1468 1019 1536 virgulta
1036 1469 1152 1537 fragore.

448 1542 474 1595 N
476 1559 511 1596 ee
527 1542 720 1598 Praenestinae
736 1544 867 1597 fundator
885 1543 973 1597 defuit
990 1544 1073 1613 urbis,

414 1618 534 1672 Volcano
551 1619 675 1687 genitum
693 1632 792 1690 pecora
808 1620 883 1674 inter
899 1619 1019 1688 agrestia
1036 1636 1130 1689 regem

415 1691 616 1764 Inventumque
633 1696 699 1751 iocis
717 1697 804 1752 omnis
821 1714 903 1766 quem
922 1696 1039 1752 credidit
1057 1700 1140 1763 aetas,
1232 1706 1270 1747 oso

415 1772 554 1826 Caeculus.
591 1773 673 1827 Hunc
690 1773 763 1842 legio
780 1774 837 1827 late
855 1773 1002 1828 comitatur
1020 1773 1145 1841 agrestis,

415 1847 523 1917 Quique
540 1849 626 1903 altum
645 1850 793 1905 Praeneste
811 1850 869 1916 riri,
889 1850 991 1920 quique
1008 1866 1074 1904 arva
1092 1848 1216 1904 Gabinae

416 1925 528 1978 lunonis
545 1926 723 1996 gelidumque
743 1928 878 1982 Anienem
896 1930 926 1981 et
944 1927 1050 1981 roscida
1067 1926 1132 1979 rivis

417 2001 538 2055 Hernica
555 2020 621 2056 saxa
638 2004 737 2069 colunt,
757 2020 825 2070 quos
843 2003 920 2056 dives
940 2002 1067 2070 Anagnia
1083 2000 1179 2069 pascit,
1267 2026 1269 2031 ·

416 2076 497 2143 Quos,
517 2081 653 2131 Amasene
671 2081 757 2147 pater.
792 2079 855 2132 Non
873 2078 927 2131 illis
945 2077 1069 2131 omnibus
1087 2092 1170 2144 arma,
1232 2088 1269 2129 oss

416 2152 441 2205 N
444 2169 475 2206 ec
493 2152 573 2220 clipei
591 2170 720 2206 currusve
738 2157 850 2219 sonant;
868 2170 933 2221 pars
951 2169 1079 2206 maxuma
1095 2150 1210 2219 glandes

416 2228 540 2281 Liventis
558 2228 662 2296 plumbi
682 2229 800 2296 spargit;
818 2245 882 2296 pars
900 2229 1004 2297 spicula
1020 2231 1112 2295 gestat

417 2303 488 2356 Bina
504 2320 601 2368 manu3
618 2304 760 2372 fulvosque
777 2305 835 2372 lupi
853 2304 889 2358 de
906 2303 979 2372 pelle
996 2304 1103 2371 galeros

417 2380 538 2448 Tegmen
555 2379 659 2433 habent
677 2380 775 2448 capiti;
791 2380 908 2448 vestigia
925 2380 999 2433 nuda
1016 2378 1120 2433 sinistri
1141 2406 1143 2409 ⁴

418 2456 568 2510 Instituere
585 2456 677 2525 pedis;
693 2456 794 2511 crudus
812 2457 883 2525 tegit
900 2457 988 2510 altera
1004 2472 1077 2524 pero.
1234 2468 1271 2509 aaa

452 2533 494 2585 At
512 2532 662 2601 Messapus,
682 2550 782 2601 equum
800 2532 927 2601 domitor,
946 2531 1085 2601 Neptunia
1102 2529 1200 2599 proles,

418 2609 506 2674 Quem
523 2625 613 2677 neque
630 2609 672 2663 fas
689 2608 746 2677 igni
765 2608 892 2678 cuiquam
909 2625 960 2663 nec
978 2613 1101 2662 sternere
1118 2607 1199 2676 ferro,

419 2686 479 2739 Iam
496 2684 604 2754 pridem
621 2686 726 2740 resides
744 2686 859 2756 populos
878 2686 1047 2753 desuetaque
1065 2683 1137 2738 bello

419 2763 537 2829 Agmina
554 2762 582 2815 in
600 2779 676 2816 arma
693 2767 771 2819 vocat
788 2762 887 2831 subito,
904 2763 1062 2829 ferrumque
1080 2760 1220 2815 retractat

418 2838 457 2891 Hi
475 2838 657 2892 Fescenninas
675 2840 746 2893 acies
764 2840 933 2907 Aequosque
951 2836 1078 2904 Faliscos,
1139 2833 1144 2842 “
1234 2849 1291 2888 eae·
1356 2842 1365 2853 ·

418 2915 459 2968 Hi
476 2915 595 2973 Soractis
613 2914 716 2969 habent
733 2932 810 2970 arces
829 2914 1007 2982 Flaviniaque
1024 2928 1096 2980 arva,

418 2991 455 3047 llt
473 2991 573 3044 Cimini
590 3007 652 3044 eum
669 2995 762 3046 monte
780 2992 869 3047 lacum
887 2991 1017 3059 lucosque
1036 2990 1167 3058 Capenos.

420 3069 503 3123 lbant
520 3068 630 3137 aequati
647 3084 768 3135 numero,
786 3084 935 3136 regemque
953 3066 1099 3121 canebant:

419 3145 476 3198 Ceu
494 3144 631 3211 quondam
649 3144 720 3198 nivei
738 3144 842 3214 liquida
858 3145 932 3198 inter
949 3142 1043 3196 nubila
1059 3141 1136 3210 cycni

404 3220 488 3273 'Cum
507 3236 566 3273 sese
584 3237 600 3274 e
617 3225 698 3288 pastu
715 3222 840 3276 referunt
858 3224 888 3274 et
905 3220 984 3287 longa
1003 3234 1115 3272 canoros
1236 3224 1272 3272 70⁰

420 3296 495 3348 Dant
512 3312 562 3363 per
579 3297 648 3350 colla
665 3298 776 3364 modos;
794 3300 873 3350 sonat
890 3295 977 3349 amnis
995 3297 1024 3348 et
1042 3293 1110 3347 Asia
1127 3292 1207 3362 longe

421 3371 503 3424 Pulsa
519 3370 604 3438 palus.

410 3447 480 3500 lllec
498 3448 642 3516 quisquam
659 3453 767 3505 aeratas
784 3449 856 3504 acies
874 3465 909 3503 ex
927 3448 1037 3517 agmine
1051 3448 1136 3499 tants

421 3523 532 3577 Misceri
547 3526 637 3591 putet,
655 3526 760 3581 aeriam
778 3525 832 3583 sed
848 3525 967 3596 gurgite
983 3523 1022 3577 ab
1040 3521 1104 3573 atto
1210 3563 1211 3566 ,

417 3599 535 3664 Urgueri
553 3600 697 3657 volucrum
715 3621 872 3661 raucarum
891 3602 934 3659 ad
945 3601 1043 3656 litora
1056 3593 1184 3647 nubem·

438 3672 518 3740 Ecce,
537 3674 710 3737 Sabinorum
731 3683 835 3754 prisco
855 3682 896 3738 de
917 3674 1069 3748 saugdane
1086 3660 1245 3757 ᾋΨΨΫ

1294 3573 1342 3611 ’Νι
