<?xml version="1.0" encoding="UTF-8"?>
<!DOCTYPE html PUBLIC "-//W3C//DTD XHTML 1.0 Transitional//EN"
    "http://www.w3.org/TR/xhtml1/DTD/xhtml1-transitional.dtd">
<html xmlns="http://www.w3.org/1999/xhtml" xml:lang="en" lang="en">
 <head>
  <title>
</title>
<meta http-equiv="Content-Type" content="text/html;charset=utf-8" />
  <meta name='ocr-system' content='tesseract 3.04.00' />
  <meta name='ocr-capabilities' content='ocr_page ocr_carea ocr_par ocr_line ocrx_word'/>
</head>
<body>
  <div class='ocr_page' id='page_1' title='image "./publivergilimar02virggoog/publivergilimar02virggoog_0162.png"; bbox 0 0 3467 4367; ppageno 0'>
   <div class='ocr_carea' id='block_1_1' title="bbox 476 588 1094 641">
    <p class='ocr_par' dir='ltr' id='par_1_1' title="bbox 476 588 1094 641">
     <span class='ocr_line' id='line_1_1' title="bbox 476 588 1094 641; baseline 0.005 -3"><span class='ocrx_word' id='word_1_1' title='bbox 476 589 523 640; x_wconf 69' lang='lat'>152</span> <span class='ocrx_word' id='word_1_2' title='bbox 711 589 739 639; x_wconf 91' lang='lat' dir='ltr'>P.</span> <span class='ocrx_word' id='word_1_3' title='bbox 759 588 912 639; x_wconf 80' lang='lat' dir='ltr'><strong>VERGILI</strong></span> <span class='ocrx_word' id='word_1_4' title='bbox 929 589 1094 641; x_wconf 80' lang='lat' dir='ltr'><strong>MARONIS</strong></span> 
     </span>
    </p>
   </div>
   <div class='ocr_carea' id='block_1_2' title="bbox 421 666 1361 3707">
    <p class='ocr_par' dir='ltr' id='par_1_2' title="bbox 473 666 1331 894">
     <span class='ocr_line' id='line_1_2' title="bbox 474 666 1331 742; baseline 0.011 -21"><span class='ocrx_word' id='word_1_5' title='bbox 474 666 614 737; x_wconf 76' lang='lat' dir='ltr'>linquens</span> <span class='ocrx_word' id='word_1_6' title='bbox 622 668 711 723; x_wconf 86' lang='lat' dir='ltr'>multa</span> <span class='ocrx_word' id='word_1_7' title='bbox 719 671 796 722; x_wconf 89' lang='lat' dir='ltr'>metu</span> <span class='ocrx_word' id='word_1_8' title='bbox 807 672 982 724; x_wconf 71' lang='lat' dir='ltr'>cunctantem</span> <span class='ocrx_word' id='word_1_9' title='bbox 995 674 1025 725; x_wconf 91' lang='lat' dir='ltr'>et</span> <span class='ocrx_word' id='word_1_10' title='bbox 1036 671 1124 726; x_wconf 90' lang='lat' dir='ltr'>multa</span> <span class='ocrx_word' id='word_1_11' title='bbox 1131 677 1276 742; x_wconf 84' lang='lat' dir='ltr'>parantem</span> <span class='ocrx_word' id='word_1_12' title='bbox 1292 688 1331 730; x_wconf 83' lang='lat' dir='ltr'>seo</span> 
     </span>
     <span class='ocr_line' id='line_1_3' title="bbox 473 743 1260 817; baseline 0.008 -19"><span class='ocrx_word' id='word_1_13' title='bbox 473 743 579 800; x_wconf 82' lang='lat' dir='ltr'>Dicere</span> <span class='ocrx_word' id='word_1_14' title='bbox 618 745 774 813; x_wconf 79' lang='lat' dir='ltr'>Suscipiunt</span> <span class='ocrx_word' id='word_1_15' title='bbox 789 746 916 817; x_wconf 66' lang='lat' dir='ltr'>tumidae,</span> <span class='ocrx_word' id='word_1_16' title='bbox 934 747 1118 817; x_wconf 85' lang='lat' dir='ltr'>conlapsaque</span> <span class='ocrx_word' id='word_1_17' title='bbox 1135 749 1260 804; x_wconf 88' lang='lat' dir='ltr'>membra</span> 
     </span>
     <span class='ocr_line' id='line_1_4' title="bbox 473 820 1240 894; baseline 0.007 -20"><span class='ocrx_word' id='word_1_18' title='bbox 473 820 628 875; x_wconf 86' lang='lat' dir='ltr'>Marmoreo</span> <span class='ocrx_word' id='word_1_19' title='bbox 644 822 769 875; x_wconf 80' lang='lat' dir='ltr'>referunt</span> <span class='ocrx_word' id='word_1_20' title='bbox 786 821 907 877; x_wconf 82' lang='lat' dir='ltr'><strong>thalamo</strong></span> <span class='ocrx_word' id='word_1_21' title='bbox 925 824 1078 893; x_wconf 88' lang='lat' dir='ltr'>stratisque</span> <span class='ocrx_word' id='word_1_22' title='bbox 1096 829 1240 894; x_wconf 90' lang='lat' dir='ltr'>reponunt.</span> 
     </span>
    </p>

    <p class='ocr_par' dir='ltr' id='par_1_3' title="bbox 470 898 1330 2110">
     <span class='ocr_line' id='line_1_5' title="bbox 508 898 1210 967; baseline 0.007 -17"><span class='ocrx_word' id='word_1_23' title='bbox 508 898 550 951; x_wconf 85' lang='lat' dir='ltr'>At</span> <span class='ocrx_word' id='word_1_24' title='bbox 566 898 628 966; x_wconf 91' lang='lat' dir='ltr'>pius</span> <span class='ocrx_word' id='word_1_25' title='bbox 646 898 763 964; x_wconf 81' lang='lat' dir='ltr'>Aeneas,</span> <span class='ocrx_word' id='word_1_26' title='bbox 781 914 948 967; x_wconf 83' lang='lat' dir='ltr'>quamquam</span> <span class='ocrx_word' id='word_1_27' title='bbox 966 899 1053 954; x_wconf 89' lang='lat' dir='ltr'>lenire</span> <span class='ocrx_word' id='word_1_28' title='bbox 1071 900 1210 955; x_wconf 76' lang='lat' dir='ltr'>dolentem</span> 
     </span>
     <span class='ocr_line' id='line_1_6' title="bbox 473 972 1074 1042; baseline 0.005 -15"><span class='ocrx_word' id='word_1_29' title='bbox 473 972 591 1027; x_wconf 82' lang='lat' dir='ltr'>Solando</span> <span class='ocrx_word' id='word_1_30' title='bbox 608 974 684 1042; x_wconf 89' lang='lat' dir='ltr'>cupit</span> <span class='ocrx_word' id='word_1_31' title='bbox 701 977 731 1027; x_wconf 89' lang='lat' dir='ltr'>et</span> <span class='ocrx_word' id='word_1_32' title='bbox 748 973 830 1027; x_wconf 90' lang='lat' dir='ltr'>dietis</span> <span class='ocrx_word' id='word_1_33' title='bbox 847 978 972 1029; x_wconf 84' lang='lat' dir='ltr'>evertere</span> <span class='ocrx_word' id='word_1_34' title='bbox 989 992 1074 1040; x_wconf 87' lang='lat' dir='ltr'>curas,</span> 
     </span>
     <span class='ocr_line' id='line_1_7' title="bbox 472 1049 1330 1121; baseline 0.008 -18"><span class='ocrx_word' id='word_1_35' title='bbox 472 1049 562 1103; x_wconf 86' lang='lat' dir='ltr'>Multa</span> <span class='ocrx_word' id='word_1_36' title='bbox 573 1066 685 1118; x_wconf 86' lang='lat' dir='ltr'>gemens</span> <span class='ocrx_word' id='word_1_37' title='bbox 697 1066 851 1118; x_wconf 86' lang='lat' dir='ltr'>magnoque</span> <span class='ocrx_word' id='word_1_38' title='bbox 862 1051 983 1104; x_wconf 84' lang='lat' dir='ltr'>animum</span> <span class='ocrx_word' id='word_1_39' title='bbox 995 1051 1145 1106; x_wconf 80' lang='lat' dir='ltr'>labefactus</span> <span class='ocrx_word' id='word_1_40' title='bbox 1156 1068 1257 1121; x_wconf 87' lang='lat' dir='ltr'>amore,</span> <span class='ocrx_word' id='word_1_41' title='bbox 1291 1069 1330 1111; x_wconf 85' lang='lat' dir='ltr'>ees</span> 
     </span>
     <span class='ocr_line' id='line_1_8' title="bbox 473 1125 1261 1196; baseline 0.006 -18"><span class='ocrx_word' id='word_1_42' title='bbox 473 1126 552 1180; x_wconf 86' lang='lat' dir='ltr'>Iussa</span> <span class='ocrx_word' id='word_1_43' title='bbox 568 1130 661 1180; x_wconf 87' lang='lat' dir='ltr'>tamen</span> <span class='ocrx_word' id='word_1_44' title='bbox 679 1125 770 1179; x_wconf 83' lang='lat' dir='ltr'>divom</span> <span class='ocrx_word' id='word_1_45' title='bbox 788 1127 955 1195; x_wconf 77' lang='lat' dir='ltr'><strong>exsequitur,</strong></span> <span class='ocrx_word' id='word_1_46' title='bbox 973 1127 1141 1196; x_wconf 82' lang='lat' dir='ltr'>classemque</span> <span class='ocrx_word' id='word_1_47' title='bbox 1158 1129 1261 1184; x_wconf 84' lang='lat' dir='ltr'>revisit</span> 
     </span>
     <span class='ocr_line' id='line_1_9' title="bbox 472 1201 1167 1257; baseline 0.003 -2"><span class='ocrx_word' id='word_1_48' title='bbox 472 1202 541 1257; x_wconf 87' lang='lat' dir='ltr'>&#39;l&#39;um</span> <span class='ocrx_word' id='word_1_49' title='bbox 558 1219 624 1256; x_wconf 86' lang='lat' dir='ltr'>vero</span> <span class='ocrx_word' id='word_1_50' title='bbox 642 1202 738 1255; x_wconf 84' lang='lat' dir='ltr'>Teucri</span> <span class='ocrx_word' id='word_1_51' title='bbox 755 1201 918 1256; x_wconf 88' lang='lat' dir='ltr'>incumbunt</span> <span class='ocrx_word' id='word_1_52' title='bbox 935 1205 965 1256; x_wconf 89' lang='lat' dir='ltr'>et</span> <span class='ocrx_word' id='word_1_53' title='bbox 981 1202 1063 1256; x_wconf 88' lang='lat' dir='ltr'>litore</span> <span class='ocrx_word' id='word_1_54' title='bbox 1081 1203 1167 1257; x_wconf 87' lang='lat' dir='ltr'>celsas</span> 
     </span>
     <span class='ocr_line' id='line_1_10' title="bbox 473 1278 1136 1347; baseline -0.003 -14"><span class='ocrx_word' id='word_1_55' title='bbox 473 1278 619 1333; x_wconf 86' lang='lat' dir='ltr'>Deducunt</span> <span class='ocrx_word' id='word_1_56' title='bbox 636 1282 696 1332; x_wconf 88' lang='lat' dir='ltr'>toto</span> <span class='ocrx_word' id='word_1_57' title='bbox 714 1279 797 1331; x_wconf 86' lang='lat' dir='ltr'>navis.</span> <span class='ocrx_word' id='word_1_58' title='bbox 833 1278 921 1332; x_wconf 88' lang='lat' dir='ltr'>Natat</span> <span class='ocrx_word' id='word_1_59' title='bbox 937 1282 1020 1331; x_wconf 89' lang='lat' dir='ltr'>uncta</span> <span class='ocrx_word' id='word_1_60' title='bbox 1037 1279 1136 1347; x_wconf 82' lang='lat' dir='ltr'>carina,</span> 
     </span>
     <span class='ocr_line' id='line_1_11' title="bbox 472 1353 1164 1424; baseline 0.001 -16"><span class='ocrx_word' id='word_1_61' title='bbox 472 1354 691 1424; x_wconf 82' lang='lat' dir='ltr'>Frondentisque</span> <span class='ocrx_word' id='word_1_62' title='bbox 708 1354 802 1407; x_wconf 83' lang='lat' dir='ltr'>ferunt</span> <span class='ocrx_word' id='word_1_63' title='bbox 819 1370 910 1407; x_wconf 92' lang='lat' dir='ltr'>remos</span> <span class='ocrx_word' id='word_1_64' title='bbox 927 1357 956 1409; x_wconf 90' lang='lat' dir='ltr'>et</span> <span class='ocrx_word' id='word_1_65' title='bbox 973 1353 1072 1407; x_wconf 91' lang='lat' dir='ltr'>robora</span> <span class='ocrx_word' id='word_1_66' title='bbox 1090 1356 1164 1409; x_wconf 81' lang='lat' dir='ltr'>silvis</span> 
     </span>
     <span class='ocr_line' id='line_1_12' title="bbox 472 1430 1329 1499; baseline -0.004 -14"><span class='ocrx_word' id='word_1_67' title='bbox 472 1431 646 1499; x_wconf 81' lang='lat' dir='ltr'>Infabricate,</span> <span class='ocrx_word' id='word_1_68' title='bbox 663 1432 744 1499; x_wconf 83' lang='lat' dir='ltr'>fugae</span> <span class='ocrx_word' id='word_1_69' title='bbox 762 1430 861 1484; x_wconf 88' lang='lat' dir='ltr'>studio.</span> <span class='ocrx_word' id='word_1_70' title='bbox 1291 1449 1329 1489; x_wconf 71' lang='lat' dir='ltr'>auo</span> 
     </span>
     <span class='ocr_line' id='line_1_13' title="bbox 470 1506 1139 1577; baseline -0.001 -15"><span class='ocrx_word' id='word_1_71' title='bbox 470 1508 618 1577; x_wconf 71' lang='lat' dir='ltr'>Migrantis</span> <span class='ocrx_word' id='word_1_72' title='bbox 636 1524 739 1574; x_wconf 79' lang='lat' dir='ltr'>cernes,</span> <span class='ocrx_word' id='word_1_73' title='bbox 757 1509 872 1574; x_wconf 76' lang='lat' dir='ltr'>totaque</span> <span class='ocrx_word' id='word_1_74' title='bbox 889 1523 924 1561; x_wconf 94' lang='lat' dir='ltr'>ex</span> <span class='ocrx_word' id='word_1_75' title='bbox 941 1506 1010 1562; x_wconf 88' lang='lat' dir='ltr'>urbe</span> <span class='ocrx_word' id='word_1_76' title='bbox 1027 1507 1139 1562; x_wconf 85' lang='lat' dir='ltr'>ruentis.</span> 
     </span>
     <span class='ocr_line' id='line_1_14' title="bbox 471 1582 1146 1653; baseline -0.001 -14"><span class='ocrx_word' id='word_1_77' title='bbox 471 1587 515 1639; x_wconf 87' lang='lat' dir='ltr'>Ac</span> <span class='ocrx_word' id='word_1_78' title='bbox 531 1584 606 1637; x_wconf 87' lang='lat' dir='ltr'>velut</span> <span class='ocrx_word' id='word_1_79' title='bbox 623 1584 762 1653; x_wconf 85' lang='lat' dir='ltr'>ingentem</span> <span class='ocrx_word' id='word_1_80' title='bbox 779 1582 908 1637; x_wconf 75' lang='lat' dir='ltr'>formicae</span> <span class='ocrx_word' id='word_1_81' title='bbox 923 1583 1003 1637; x_wconf 84' lang='lat' dir='ltr'>farris</span> <span class='ocrx_word' id='word_1_82' title='bbox 1020 1600 1146 1638; x_wconf 85' lang='lat' dir='ltr'>acervum</span> 
     </span>
     <span class='ocr_line' id='line_1_15' title="bbox 471 1660 1291 1730; baseline 0 -14"><span class='ocrx_word' id='word_1_83' title='bbox 471 1660 540 1716; x_wconf 78' lang='lat' dir='ltr'>Cum</span> <span class='ocrx_word' id='word_1_84' title='bbox 557 1660 696 1729; x_wconf 89' lang='lat' dir='ltr'>populant,</span> <span class='ocrx_word' id='word_1_85' title='bbox 713 1660 811 1713; x_wconf 91' lang='lat' dir='ltr'>hiemis</span> <span class='ocrx_word' id='word_1_86' title='bbox 829 1675 971 1726; x_wconf 80' lang='lat' dir='ltr'>memores,</span> <span class='ocrx_word' id='word_1_87' title='bbox 989 1663 1119 1730; x_wconf 86' lang='lat' dir='ltr'>tectoque</span> <span class='ocrx_word' id='word_1_88' title='bbox 1136 1666 1291 1730; x_wconf 87' lang='lat' dir='ltr'>reponunt;</span> 
     </span>
     <span class='ocr_line' id='line_1_16' title="bbox 471 1734 1258 1806; baseline 0.001 -15"><span class='ocrx_word' id='word_1_89' title='bbox 471 1737 501 1792; x_wconf 93' lang='lat' dir='ltr'>It</span> <span class='ocrx_word' id='word_1_90' title='bbox 518 1737 626 1805; x_wconf 86' lang='lat' dir='ltr'>nigrum</span> <span class='ocrx_word' id='word_1_91' title='bbox 644 1735 747 1804; x_wconf 84' lang='lat' dir='ltr'>eampis</span> <span class='ocrx_word' id='word_1_92' title='bbox 764 1751 870 1804; x_wconf 81' lang='lat' dir='ltr'>agmen,</span> <span class='ocrx_word' id='word_1_93' title='bbox 888 1734 1074 1805; x_wconf 81' lang='lat' dir='ltr'>praedamque</span> <span class='ocrx_word' id='word_1_94' title='bbox 1090 1752 1142 1806; x_wconf 91' lang='lat' dir='ltr'>per</span> <span class='ocrx_word' id='word_1_95' title='bbox 1158 1736 1258 1792; x_wconf 87' lang='lat' dir='ltr'>herbas</span> 
     </span>
     <span class='ocr_line' id='line_1_17' title="bbox 471 1812 1326 1881; baseline 0 -12"><span class='ocrx_word' id='word_1_96' title='bbox 471 1812 640 1869; x_wconf 78' lang='lat' dir='ltr'>convectant</span> <span class='ocrx_word' id='word_1_97' title='bbox 656 1812 724 1867; x_wconf 84' lang='lat' dir='ltr'>calle</span> <span class='ocrx_word' id='word_1_98' title='bbox 742 1815 874 1880; x_wconf 66' lang='lat' dir='ltr'>ungrxstm</span> <span class='ocrx_word' id='word_1_99' title='bbox 892 1828 956 1881; x_wconf 85' lang='lat' dir='ltr'>pars</span> <span class='ocrx_word' id='word_1_100' title='bbox 972 1812 1089 1881; x_wconf 82' lang='lat' dir='ltr'>grandia</span> <span class='ocrx_word' id='word_1_101' title='bbox 1105 1812 1223 1869; x_wconf 89' lang='lat' dir='ltr'>trudunt</span> <span class='ocrx_word' id='word_1_102' title='bbox 1289 1829 1326 1869; x_wconf 83' lang='lat' dir='ltr'>sos</span> 
     </span>
     <span class='ocr_line' id='line_1_18' title="bbox 470 1888 1232 1958; baseline 0.001 -14"><span class='ocrx_word' id='word_1_103' title='bbox 470 1889 595 1944; x_wconf 83' lang='lat' dir='ltr'>Obnixae</span> <span class='ocrx_word' id='word_1_104' title='bbox 612 1889 751 1943; x_wconf 86' lang='lat' dir='ltr'>frumenta</span> <span class='ocrx_word' id='word_1_105' title='bbox 768 1888 904 1953; x_wconf 87' lang='lat' dir='ltr'>humeris;</span> <span class='ocrx_word' id='word_1_106' title='bbox 922 1905 987 1958; x_wconf 88' lang='lat' dir='ltr'>pars</span> <span class='ocrx_word' id='word_1_107' title='bbox 1003 1888 1113 1958; x_wconf 78' lang='lat' dir='ltr'>agmina</span> <span class='ocrx_word' id='word_1_108' title='bbox 1130 1894 1232 1957; x_wconf 78' lang='lat' dir='ltr'>oogrmt</span> 
     </span>
     <span class='ocr_line' id='line_1_19' title="bbox 471 1964 1228 2035; baseline 0 -14"><span class='ocrx_word' id='word_1_109' title='bbox 471 1964 668 2035; x_wconf 73' lang='lat' dir='ltr'>castigantque</span> <span class='ocrx_word' id='word_1_110' title='bbox 685 1980 790 2029; x_wconf 83' lang='lat' dir='ltr'>mores;</span> <span class='ocrx_word' id='word_1_111' title='bbox 811 1980 895 2033; x_wconf 91' lang='lat' dir='ltr'>opere</span> <span class='ocrx_word' id='word_1_112' title='bbox 911 1965 999 2019; x_wconf 90' lang='lat' dir='ltr'>omnis</span> <span class='ocrx_word' id='word_1_113' title='bbox 1017 1965 1116 2020; x_wconf 82' lang='lat' dir='ltr'>semita</span> <span class='ocrx_word' id='word_1_114' title='bbox 1132 1967 1228 2023; x_wconf 79' lang='lat' dir='ltr'>feruet</span> 
     </span>
     <span class='ocr_line' id='line_1_20' title="bbox 471 2040 1137 2110; baseline 0.002 -15"><span class='ocrx_word' id='word_1_115' title='bbox 471 2042 540 2108; x_wconf 86' lang='lat' dir='ltr'>Quis</span> <span class='ocrx_word' id='word_1_116' title='bbox 556 2041 608 2095; x_wconf 90' lang='lat' dir='ltr'>tibi</span> <span class='ocrx_word' id='word_1_117' title='bbox 625 2045 693 2110; x_wconf 86' lang='lat' dir='ltr'>tum,</span> <span class='ocrx_word' id='word_1_118' title='bbox 712 2040 792 2107; x_wconf 86' lang='lat' dir='ltr'>Dido,</span> <span class='ocrx_word' id='word_1_119' title='bbox 809 2041 933 2094; x_wconf 86' lang='lat' dir='ltr'>cernenti</span> <span class='ocrx_word' id='word_1_120' title='bbox 950 2040 1017 2095; x_wconf 87' lang='lat' dir='ltr'>talia</span> <span class='ocrx_word' id='word_1_121' title='bbox 1034 2057 1137 2109; x_wconf 89' lang='lat' dir='ltr'>sensus,</span> 
     </span>
    </p>

    <p class='ocr_par' dir='ltr' id='par_1_4' title="bbox 438 2116 1324 2416">
     <span class='ocr_line' id='line_1_21' title="bbox 438 2116 1203 2185; baseline 0.004 -15"><span class='ocrx_word' id='word_1_122' title='bbox 438 2159 442 2170; x_wconf 92' lang='lat'>.</span> <span class='ocrx_word' id='word_1_123' title='bbox 471 2118 578 2182; x_wconf 82' lang='lat' dir='ltr'>Quosve</span> <span class='ocrx_word' id='word_1_124' title='bbox 595 2116 682 2171; x_wconf 86' lang='lat' dir='ltr'>dabas</span> <span class='ocrx_word' id='word_1_125' title='bbox 698 2117 826 2185; x_wconf 79' lang='lat' dir='ltr'>gemitus,</span> <span class='ocrx_word' id='word_1_126' title='bbox 844 2132 906 2170; x_wconf 94' lang='lat' dir='ltr'>cum</span> <span class='ocrx_word' id='word_1_127' title='bbox 923 2116 1005 2171; x_wconf 87' lang='lat' dir='ltr'>litora</span> <span class='ocrx_word' id='word_1_128' title='bbox 1022 2117 1128 2171; x_wconf 83' lang='lat' dir='ltr'>fervere</span> <span class='ocrx_word' id='word_1_129' title='bbox 1145 2117 1203 2173; x_wconf 86' lang='lat' dir='ltr'>late</span> 
     </span>
     <span class='ocr_line' id='line_1_22' title="bbox 471 2193 1324 2263; baseline 0 -16"><span class='ocrx_word' id='word_1_130' title='bbox 471 2194 645 2263; x_wconf 88' lang='lat' dir='ltr'>Prospieeres</span> <span class='ocrx_word' id='word_1_131' title='bbox 662 2209 724 2247; x_wconf 87' lang='lat' dir='ltr'>erce</span> <span class='ocrx_word' id='word_1_132' title='bbox 741 2208 776 2246; x_wconf 85' lang='lat' dir='ltr'>ex</span> <span class='ocrx_word' id='word_1_133' title='bbox 793 2201 908 2256; x_wconf 76' lang='lat' dir='ltr'>summa,</span> <span class='ocrx_word' id='word_1_134' title='bbox 924 2195 1069 2260; x_wconf 83' lang='lat' dir='ltr'>totumque</span> <span class='ocrx_word' id='word_1_135' title='bbox 1086 2193 1195 2247; x_wconf 82' lang='lat' dir='ltr'>videres</span> <span class='ocrx_word' id='word_1_136' title='bbox 1286 2208 1324 2247; x_wconf 80' lang='lat' dir='ltr'>no</span> 
     </span>
     <span class='ocr_line' id='line_1_23' title="bbox 470 2267 1192 2337; baseline 0 -13"><span class='ocrx_word' id='word_1_137' title='bbox 470 2270 581 2325; x_wconf 86' lang='lat' dir='ltr'>Misceri</span> <span class='ocrx_word' id='word_1_138' title='bbox 598 2274 663 2324; x_wconf 88' lang='lat' dir='ltr'>ante</span> <span class='ocrx_word' id='word_1_139' title='bbox 680 2269 771 2323; x_wconf 92' lang='lat' dir='ltr'>oculos</span> <span class='ocrx_word' id='word_1_140' title='bbox 787 2269 875 2323; x_wconf 91' lang='lat' dir='ltr'>tantis</span> <span class='ocrx_word' id='word_1_141' title='bbox 891 2267 1055 2322; x_wconf 83' lang='lat' dir='ltr'>elamoribus</span> <span class='ocrx_word' id='word_1_142' title='bbox 1072 2271 1192 2337; x_wconf 73' lang='lat' dir='ltr'>aequori</span> 
     </span>
     <span class='ocr_line' id='line_1_24' title="bbox 471 2344 1226 2416; baseline 0 -16"><span class='ocrx_word' id='word_1_143' title='bbox 471 2346 591 2416; x_wconf 92' lang='lat' dir='ltr'>Inprobe</span> <span class='ocrx_word' id='word_1_144' title='bbox 607 2362 690 2415; x_wconf 89' lang='lat' dir='ltr'>amor,</span> <span class='ocrx_word' id='word_1_145' title='bbox 708 2345 775 2413; x_wconf 90' lang='lat' dir='ltr'>quid</span> <span class='ocrx_word' id='word_1_146' title='bbox 792 2361 846 2398; x_wconf 91' lang='lat' dir='ltr'>non</span> <span class='ocrx_word' id='word_1_147' title='bbox 862 2344 990 2399; x_wconf 84' lang='lat' dir='ltr'>mortalia</span> <span class='ocrx_word' id='word_1_148' title='bbox 1006 2346 1118 2413; x_wconf 85' lang='lat' dir='ltr'>pectore</span> <span class='ocrx_word' id='word_1_149' title='bbox 1135 2345 1226 2413; x_wconf 78' lang='lat' dir='ltr'>cogis?</span> 
     </span>
    </p>

    <p class='ocr_par' dir='ltr' id='par_1_5' title="bbox 471 2420 1260 2490">
     <span class='ocr_line' id='line_1_25' title="bbox 471 2420 1260 2490; baseline -0.004 -13"><span class='ocrx_word' id='word_1_150' title='bbox 471 2423 518 2477; x_wconf 90' lang='lat' dir='ltr'>Ire</span> <span class='ocrx_word' id='word_1_151' title='bbox 535 2423 636 2477; x_wconf 88' lang='lat' dir='ltr'>iterum</span> <span class='ocrx_word' id='word_1_152' title='bbox 653 2422 682 2475; x_wconf 94' lang='lat' dir='ltr'>in</span> <span class='ocrx_word' id='word_1_153' title='bbox 698 2422 831 2489; x_wconf 74' lang='lat' dir='ltr'>lacmmes,</span> <span class='ocrx_word' id='word_1_154' title='bbox 846 2421 948 2475; x_wconf 90' lang='lat' dir='ltr'>iterum</span> <span class='ocrx_word' id='word_1_155' title='bbox 966 2424 1104 2488; x_wconf 92' lang='lat' dir='ltr'>temptare</span> <span class='ocrx_word' id='word_1_156' title='bbox 1120 2420 1260 2490; x_wconf 83' lang='lat' dir='ltr'>preeundo</span> 
     </span>
    </p>

    <p class='ocr_par' dir='ltr' id='par_1_6' title="bbox 470 2496 1186 2567">
     <span class='ocr_line' id='line_1_26' title="bbox 470 2496 1186 2567; baseline -0.006 -14"><span class='ocrx_word' id='word_1_157' title='bbox 470 2498 591 2567; x_wconf 79' lang='lat' dir='ltr'>Cogitur,</span> <span class='ocrx_word' id='word_1_158' title='bbox 610 2503 639 2552; x_wconf 91' lang='lat' dir='ltr'>et</span> <span class='ocrx_word' id='word_1_159' title='bbox 657 2497 771 2565; x_wconf 83' lang='lat' dir='ltr'>supplex</span> <span class='ocrx_word' id='word_1_160' title='bbox 789 2496 893 2551; x_wconf 90' lang='lat' dir='ltr'>animos</span> <span class='ocrx_word' id='word_1_161' title='bbox 912 2496 1075 2551; x_wconf 83' lang='lat' dir='ltr'>submittere</span> <span class='ocrx_word' id='word_1_162' title='bbox 1092 2497 1186 2565; x_wconf 87' lang='lat' dir='ltr'>amori,</span> 
     </span>
    </p>

    <p class='ocr_par' dir='ltr' id='par_1_7' title="bbox 470 2571 1361 2717">
     <span class='ocr_line' id='line_1_27' title="bbox 470 2571 1361 2643; baseline -0.002 -14"><span class='ocrx_word' id='word_1_163' title='bbox 470 2574 514 2629; x_wconf 83' lang='lat' dir='ltr'>Ne</span> <span class='ocrx_word' id='word_1_164' title='bbox 531 2573 599 2643; x_wconf 91' lang='lat' dir='ltr'>quid</span> <span class='ocrx_word' id='word_1_165' title='bbox 616 2574 788 2640; x_wconf 87' lang='lat' dir='ltr'>inexpertum</span> <span class='ocrx_word' id='word_1_166' title='bbox 805 2572 909 2626; x_wconf 84' lang='lat' dir='ltr'>frustra</span> <span class='ocrx_word' id='word_1_167' title='bbox 925 2571 1060 2625; x_wconf 89' lang='lat' dir='ltr'>moritura</span> <span class='ocrx_word' id='word_1_168' title='bbox 1076 2572 1220 2641; x_wconf 81' lang='lat' dir='ltr'>relinquat</span> <span class='ocrx_word' id='word_1_169' title='bbox 1285 2588 1323 2627; x_wconf 81' lang='lat' dir='ltr'>us</span> <span class='ocrx_word' id='word_1_170' title='bbox 1358 2572 1361 2577; x_wconf 82' lang='grc'><strong>’</strong></span> 
     </span>
     <span class='ocr_line' id='line_1_28' title="bbox 505 2639 1241 2717; baseline -0.004 -14"><span class='ocrx_word' id='word_1_171' title='bbox 505 2651 593 2717; x_wconf 88' lang='lat' dir='ltr'>Anna,</span> <span class='ocrx_word' id='word_1_172' title='bbox 610 2648 688 2702; x_wconf 82' lang='lat' dir='ltr'>rides</span> <span class='ocrx_word' id='word_1_173' title='bbox 704 2650 766 2701; x_wconf 89' lang='lat' dir='ltr'>toto</span> <span class='ocrx_word' id='word_1_174' title='bbox 782 2648 924 2716; x_wconf 88' lang='lat' dir='ltr'>properari</span> <span class='ocrx_word' id='word_1_175' title='bbox 942 2647 1040 2702; x_wconf 83' lang='lat' dir='ltr'>litorei</span> <span class='ocrx_word' id='word_1_176' title='bbox 1076 2647 1184 2702; x_wconf 82' lang='lat' dir='ltr'>Circum</span> <span class='ocrx_word' id='word_1_177' title='bbox 1209 2639 1241 2667; x_wconf 52' lang='lat'><em>*</em></span> 
     </span>
    </p>

    <p class='ocr_par' dir='ltr' id='par_1_8' title="bbox 469 2723 1204 2795">
     <span class='ocr_line' id='line_1_29' title="bbox 469 2723 1204 2795; baseline -0.004 -15"><span class='ocrx_word' id='word_1_178' title='bbox 469 2724 600 2795; x_wconf 90' lang='lat' dir='ltr'>Undique</span> <span class='ocrx_word' id='word_1_179' title='bbox 618 2739 781 2789; x_wconf 87' lang='lat' dir='ltr'>convenere;</span> <span class='ocrx_word' id='word_1_180' title='bbox 799 2727 879 2778; x_wconf 85' lang='lat' dir='ltr'>vocat</span> <span class='ocrx_word' id='word_1_181' title='bbox 895 2723 951 2777; x_wconf 85' lang='lat' dir='ltr'>iam</span> <span class='ocrx_word' id='word_1_182' title='bbox 969 2723 1098 2778; x_wconf 83' lang='lat' dir='ltr'>carbasus</span> <span class='ocrx_word' id='word_1_183' title='bbox 1116 2740 1204 2792; x_wconf 79' lang='lat' dir='ltr'>auras,</span> 
     </span>
    </p>

    <p class='ocr_par' dir='ltr' id='par_1_9' title="bbox 470 2800 1157 2870">
     <span class='ocr_line' id='line_1_30' title="bbox 470 2800 1157 2870; baseline -0.001 -15"><span class='ocrx_word' id='word_1_184' title='bbox 470 2800 612 2870; x_wconf 88' lang='lat' dir='ltr'>Puppibus</span> <span class='ocrx_word' id='word_1_185' title='bbox 628 2804 658 2855; x_wconf 89' lang='lat' dir='ltr'>et</span> <span class='ocrx_word' id='word_1_186' title='bbox 675 2801 742 2855; x_wconf 83' lang='lat' dir='ltr'>loeti</span> <span class='ocrx_word' id='word_1_187' title='bbox 758 2804 858 2855; x_wconf 69' lang='lat' dir='ltr'>nautae</span> <span class='ocrx_word' id='word_1_188' title='bbox 875 2800 1020 2869; x_wconf 89' lang='lat' dir='ltr'>inposuere</span> <span class='ocrx_word' id='word_1_189' title='bbox 1038 2816 1157 2854; x_wconf 84' lang='lat' dir='ltr'>coronas</span> 
     </span>
    </p>

    <p class='ocr_par' dir='ltr' id='par_1_10' title="bbox 470 2873 1160 2947">
     <span class='ocr_line' id='line_1_31' title="bbox 470 2873 1160 2947; baseline -0.006 -15"><span class='ocrx_word' id='word_1_190' title='bbox 470 2873 552 2932; x_wconf 87' lang='lat' dir='ltr'>Hune</span> <span class='ocrx_word' id='word_1_191' title='bbox 570 2894 621 2946; x_wconf 87' lang='lat' dir='ltr'>ego</span> <span class='ocrx_word' id='word_1_192' title='bbox 639 2878 662 2932; x_wconf 93' lang='lat' dir='ltr'>si</span> <span class='ocrx_word' id='word_1_193' title='bbox 679 2877 756 2947; x_wconf 91' lang='lat' dir='ltr'>potui</span> <span class='ocrx_word' id='word_1_194' title='bbox 774 2879 882 2930; x_wconf 89' lang='lat' dir='ltr'>tantum</span> <span class='ocrx_word' id='word_1_195' title='bbox 900 2889 1011 2944; x_wconf 67' lang='lat' dir='ltr'>spersre</span> <span class='ocrx_word' id='word_1_196' title='bbox 1029 2875 1160 2943; x_wconf 90' lang='lat' dir='ltr'>dolorem,</span> 
     </span>
    </p>

    <p class='ocr_par' dir='ltr' id='par_1_11' title="bbox 469 2951 1323 3038">
     <span class='ocr_line' id='line_1_32' title="bbox 469 2951 1323 3038; baseline -0.002 -31"><span class='ocrx_word' id='word_1_197' title='bbox 469 2953 507 3008; x_wconf 83' lang='lat' dir='ltr'>Et</span> <span class='ocrx_word' id='word_1_198' title='bbox 517 2954 648 3023; x_wconf 82' lang='lat' dir='ltr'>perferre,</span> <span class='ocrx_word' id='word_1_199' title='bbox 660 2970 744 3021; x_wconf 93' lang='lat' dir='ltr'>soror,</span> <span class='ocrx_word' id='word_1_200' title='bbox 755 2956 859 3023; x_wconf 86' lang='lat' dir='ltr'>potere.</span> <span class='ocrx_word' id='word_1_201' title='bbox 890 2951 1009 3038; x_wconf 68' lang='lat' dir='ltr'>Miserae</span> <span class='ocrx_word' id='word_1_202' title='bbox 1020 2951 1071 3005; x_wconf 89' lang='lat' dir='ltr'>hoe</span> <span class='ocrx_word' id='word_1_203' title='bbox 1082 2954 1175 3006; x_wconf 88' lang='lat' dir='ltr'>tamen</span> <span class='ocrx_word' id='word_1_204' title='bbox 1187 2965 1272 3005; x_wconf 92' lang='lat' dir='ltr'>unum</span> <span class='ocrx_word' id='word_1_205' title='bbox 1285 2964 1323 3005; x_wconf 72' lang='lat' dir='ltr'>sm</span> 
     </span>
    </p>

    <p class='ocr_par' dir='ltr' id='par_1_12' title="bbox 467 3014 1233 3100">
     <span class='ocr_line' id='line_1_33' title="bbox 467 3014 1233 3100; baseline -0.004 -17"><span class='ocrx_word' id='word_1_206' title='bbox 467 3014 634 3100; x_wconf 76' lang='lat' dir='ltr'>Exsequere,</span> <span class='ocrx_word' id='word_1_207' title='bbox 654 3032 742 3098; x_wconf 78' lang='lat' dir='ltr'>Anna,</span> <span class='ocrx_word' id='word_1_208' title='bbox 759 3029 840 3095; x_wconf 91' lang='lat' dir='ltr'>mihi;</span> <span class='ocrx_word' id='word_1_209' title='bbox 861 3028 947 3083; x_wconf 86' lang='lat' dir='ltr'>solam</span> <span class='ocrx_word' id='word_1_210' title='bbox 965 3044 1028 3081; x_wconf 82' lang='lat' dir='ltr'>nem</span> <span class='ocrx_word' id='word_1_211' title='bbox 1045 3028 1169 3096; x_wconf 89' lang='lat' dir='ltr'>perfidus</span> <span class='ocrx_word' id='word_1_212' title='bbox 1186 3028 1233 3081; x_wconf 91' lang='lat' dir='ltr'>ille</span> 
     </span>
    </p>

    <p class='ocr_par' dir='ltr' id='par_1_13' title="bbox 469 3102 1179 3175">
     <span class='ocr_line' id='line_1_34' title="bbox 469 3102 1179 3175; baseline -0.001 -16"><span class='ocrx_word' id='word_1_213' title='bbox 469 3105 508 3161; x_wconf 78' lang='lat' dir='ltr'>Te</span> <span class='ocrx_word' id='word_1_214' title='bbox 524 3107 621 3175; x_wconf 90' lang='lat' dir='ltr'>colere,</span> <span class='ocrx_word' id='word_1_215' title='bbox 638 3124 750 3162; x_wconf 87' lang='lat' dir='ltr'>arcanos</span> <span class='ocrx_word' id='word_1_216' title='bbox 767 3106 850 3161; x_wconf 85' lang='lat' dir='ltr'>etiam</span> <span class='ocrx_word' id='word_1_217' title='bbox 867 3104 921 3159; x_wconf 91' lang='lat' dir='ltr'>tibi</span> <span class='ocrx_word' id='word_1_218' title='bbox 937 3102 1052 3158; x_wconf 89' lang='lat' dir='ltr'>credere</span> <span class='ocrx_word' id='word_1_219' title='bbox 1069 3120 1179 3169; x_wconf 87' lang='lat' dir='ltr'>sensus;</span> 
     </span>
    </p>

    <p class='ocr_par' dir='ltr' id='par_1_14' title="bbox 469 3182 1115 3250">
     <span class='ocr_line' id='line_1_35' title="bbox 469 3182 1115 3250; baseline -0.008 -12"><span class='ocrx_word' id='word_1_220' title='bbox 469 3183 532 3238; x_wconf 81' lang='lat' dir='ltr'>Sola</span> <span class='ocrx_word' id='word_1_221' title='bbox 549 3183 601 3237; x_wconf 85' lang='lat' dir='ltr'>viri</span> <span class='ocrx_word' id='word_1_222' title='bbox 618 3182 707 3237; x_wconf 90' lang='lat' dir='ltr'>mollis</span> <span class='ocrx_word' id='word_1_223' title='bbox 724 3183 816 3237; x_wconf 88' lang='lat' dir='ltr'>editus</span> <span class='ocrx_word' id='word_1_224' title='bbox 833 3184 862 3236; x_wconf 88' lang='lat' dir='ltr'>et</span> <span class='ocrx_word' id='word_1_225' title='bbox 880 3184 1005 3250; x_wconf 89' lang='lat' dir='ltr'>tempora</span> <span class='ocrx_word' id='word_1_226' title='bbox 1021 3196 1115 3234; x_wconf 86' lang='lat' dir='ltr'>noras:</span> 
     </span>
    </p>

    <p class='ocr_par' dir='ltr' id='par_1_15' title="bbox 469 3255 1247 3328">
     <span class='ocr_line' id='line_1_36' title="bbox 469 3255 1247 3328; baseline -0.004 -14"><span class='ocrx_word' id='word_1_227' title='bbox 469 3260 494 3325; x_wconf 92' lang='lat' dir='ltr'>I,</span> <span class='ocrx_word' id='word_1_228' title='bbox 511 3276 595 3327; x_wconf 91' lang='lat' dir='ltr'>soror,</span> <span class='ocrx_word' id='word_1_229' title='bbox 613 3263 698 3328; x_wconf 85' lang='lat' dir='ltr'>atque</span> <span class='ocrx_word' id='word_1_230' title='bbox 715 3259 823 3312; x_wconf 88' lang='lat' dir='ltr'>hostem</span> <span class='ocrx_word' id='word_1_231' title='bbox 840 3257 956 3326; x_wconf 83' lang='lat' dir='ltr'>supplex</span> <span class='ocrx_word' id='word_1_232' title='bbox 973 3257 1067 3311; x_wconf 80' lang='lat' dir='ltr'>adsere</span> <span class='ocrx_word' id='word_1_233' title='bbox 1085 3255 1247 3324; x_wconf 88' lang='lat' dir='ltr'>superbum:</span> 
     </span>
    </p>

    <p class='ocr_par' dir='ltr' id='par_1_16' title="bbox 469 3332 1311 3405">
     <span class='ocr_line' id='line_1_37' title="bbox 469 3332 1311 3405; baseline -0.005 -15"><span class='ocrx_word' id='word_1_234' title='bbox 469 3336 532 3390; x_wconf 87' lang='lat' dir='ltr'>Non</span> <span class='ocrx_word' id='word_1_235' title='bbox 550 3353 601 3405; x_wconf 84' lang='lat' dir='ltr'>ego</span> <span class='ocrx_word' id='word_1_236' title='bbox 619 3352 681 3389; x_wconf 90' lang='lat' dir='ltr'>eum</span> <span class='ocrx_word' id='word_1_237' title='bbox 700 3334 801 3389; x_wconf 86' lang='lat' dir='ltr'>Danais</span> <span class='ocrx_word' id='word_1_238' title='bbox 818 3334 962 3387; x_wconf 85' lang='lat' dir='ltr'>Troianam</span> <span class='ocrx_word' id='word_1_239' title='bbox 980 3332 1140 3387; x_wconf 87' lang='lat' dir='ltr'>exscindere</span> <span class='ocrx_word' id='word_1_240' title='bbox 1154 3335 1267 3401; x_wconf 84' lang='lat' dir='ltr'>gentem</span> <span class='ocrx_word' id='word_1_241' title='bbox 1285 3345 1311 3386; x_wconf 62' lang='lat' dir='ltr'>e</span> 
     </span>
    </p>

    <p class='ocr_par' dir='ltr' id='par_1_17' title="bbox 465 3408 1141 3480">
     <span class='ocr_line' id='line_1_38' title="bbox 465 3408 1141 3480; baseline -0.007 -15"><span class='ocrx_word' id='word_1_242' title='bbox 465 3412 573 3466; x_wconf 84' lang='lat' dir='ltr'>Aulide</span> <span class='ocrx_word' id='word_1_243' title='bbox 588 3410 684 3480; x_wconf 78' lang='lat' dir='ltr'>iurevi,</span> <span class='ocrx_word' id='word_1_244' title='bbox 702 3410 849 3464; x_wconf 86' lang='lat' dir='ltr'>classemve</span> <span class='ocrx_word' id='word_1_245' title='bbox 866 3409 903 3463; x_wconf 81' lang='lat' dir='ltr'>sd</span> <span class='ocrx_word' id='word_1_246' title='bbox 921 3409 1055 3478; x_wconf 78' lang='lat' dir='ltr'>Bergama</span> <span class='ocrx_word' id='word_1_247' title='bbox 1071 3408 1141 3474; x_wconf 90' lang='lat' dir='ltr'>misi,</span> 
     </span>
    </p>

    <p class='ocr_par' dir='ltr' id='par_1_18' title="bbox 448 3483 1198 3555">
     <span class='ocr_line' id='line_1_39' title="bbox 448 3483 1198 3555; baseline -0.004 -17"><span class='ocrx_word' id='word_1_248' title='bbox 448 3486 515 3538; x_wconf 81' lang='lat' dir='ltr'>Nec</span> <span class='ocrx_word' id='word_1_249' title='bbox 526 3488 624 3555; x_wconf 84' lang='lat' dir='ltr'>patris</span> <span class='ocrx_word' id='word_1_250' title='bbox 641 3488 787 3545; x_wconf 82' lang='lat' dir='ltr'>Anchisae</span> <span class='ocrx_word' id='word_1_251' title='bbox 805 3487 928 3545; x_wconf 90' lang='lat' dir='ltr'>cinerem</span> <span class='ocrx_word' id='word_1_252' title='bbox 944 3486 1072 3546; x_wconf 75' lang='lat' dir='ltr'>blamsue</span> <span class='ocrx_word' id='word_1_253' title='bbox 1086 3483 1198 3537; x_wconf 76' lang='lat' dir='ltr'>reuelli:</span> 
     </span>
    </p>

    <p class='ocr_par' dir='ltr' id='par_1_19' title="bbox 436 3556 1290 3641">
     <span class='ocr_line' id='line_1_40' title="bbox 436 3556 1290 3641; baseline -0.013 -24"><span class='ocrx_word' id='word_1_254' title='bbox 436 3558 500 3612; x_wconf 78' lang='lat' dir='ltr'>Cur</span> <span class='ocrx_word' id='word_1_255' title='bbox 515 3578 583 3619; x_wconf 82' lang='lat' dir='ltr'>mea</span> <span class='ocrx_word' id='word_1_256' title='bbox 603 3567 686 3623; x_wconf 85' lang='lat' dir='ltr'>dicta</span> <span class='ocrx_word' id='word_1_257' title='bbox 705 3572 798 3641; x_wconf 82' lang='lat' dir='ltr'>negat</span> <span class='ocrx_word' id='word_1_258' title='bbox 815 3568 906 3625; x_wconf 87' lang='lat' dir='ltr'>duras</span> <span class='ocrx_word' id='word_1_259' title='bbox 923 3563 1080 3621; x_wconf 85' lang='lat' dir='ltr'>demittere</span> <span class='ocrx_word' id='word_1_260' title='bbox 1094 3562 1129 3615; x_wconf 76' lang='lat' dir='ltr'>&#39;ru</span> <span class='ocrx_word' id='word_1_261' title='bbox 1144 3556 1239 3611; x_wconf 71' lang='lat' dir='ltr'>surrs‘t</span> <span class='ocrx_word' id='word_1_262' title='bbox 1283 3626 1290 3639; x_wconf 25' lang='grc' dir='ltr'>ἱ</span> 
     </span>
    </p>

    <p class='ocr_par' dir='ltr' id='par_1_20' title="bbox 421 3629 1290 3707">
     <span class='ocr_line' id='line_1_41' title="bbox 421 3629 1290 3707; baseline -0.013 -13"><span class='ocrx_word' id='word_1_263' title='bbox 421 3629 489 3694; x_wconf 71' lang='lat'>0¹1⁰</span> <span class='ocrx_word' id='word_1_264' title='bbox 501 3640 586 3699; x_wconf 80' lang='lat' dir='ltr'>ruit?</span> <span class='ocrx_word' id='word_1_265' title='bbox 606 3649 783 3707; x_wconf 86' lang='lat' dir='ltr'>extremum</span> <span class='ocrx_word' id='word_1_266' title='bbox 798 3649 855 3705; x_wconf 93' lang='lat' dir='ltr'>hoc</span> <span class='ocrx_word' id='word_1_267' title='bbox 868 3645 998 3704; x_wconf 85' lang='lat' dir='ltr'>miserae</span> <span class='ocrx_word' id='word_1_268' title='bbox 1009 3642 1067 3698; x_wconf 88' lang='lat' dir='ltr'>det</span> <span class='ocrx_word' id='word_1_269' title='bbox 1074 3648 1182 3694; x_wconf 83' lang='lat' dir='ltr'>munus</span> <span class='ocrx_word' id='word_1_270' title='bbox 1190 3630 1290 3684; x_wconf 69' lang='lat' dir='ltr'>amant</span> 
     </span>
    </p>
   </div>
   <div class='ocr_carea' id='block_1_3' title="bbox 0 0 1738 4367">
    <p class='ocr_par' dir='ltr' id='par_1_21' title="bbox 0 0 1738 4367">
     <span class='ocr_line' id='line_1_42' title="bbox 0 0 1738 4367; baseline 0 2"><span class='ocrx_word' id='word_1_271' title='bbox 0 0 1738 4367; x_wconf 95' lang='lat' dir='ltr'> </span> 
     </span>
    </p>
   </div>
  </div>
 </body>
</html>
