3467 4367
679 618 863 669 AENurnos
887 620 956 670 LIB.
978 619 1016 671 ΙΙ.
1165 648 1172 664 ·
1230 626 1274 677 121
1309 679 1311 689 ,

414 700 585 757 Commendo
602 699 682 753 soeiis
699 704 729 754 et
746 716 828 753 curva
844 700 916 753 valle
933 700 1066 767 reeond03
1182 741 1202 772 ,¹
1223 727 1261 778 :·''··
1272 722 1285 738 r·
1306 699 1315 720 ⁵

415 778 482 847 Ipse
498 774 596 830 urbem
613 778 711 844 repeto
729 778 759 829 et
777 775 871 843 cingor
891 776 1060 844 fulgentibus
1077 777 1166 833 armis
1177 769 1206 818 'l'

414 856 479 910 Stat
498 870 577 907 casus
594 868 725 907 renovare
743 853 837 918 omnis,
857 869 1023 922 omnemque
1040 855 1142 908 reverti
1240 868 1279 910 rao
1310 857 1361 900 τ’

415 931 472 987 Per
489 930 606 996 Troiam,
624 932 654 983 et
672 945 768 983 rursus
788 932 871 998 caput
891 928 1029 983 obiectare
1046 930 1161 999 periclis.
1172 969 1219 1006 f„-
1234 902 1361 1013 ‹qm-'l

452 1006 588 1076 Principio
606 1021 699 1058 muros
717 1004 887 1074 obscuraque
906 1004 998 1058 limina
1015 1009 1121 1074 portae,
1192 1018 1194 1022 '

416 1085 478 1150 Qus
494 1100 620 1153 gressum
638 1080 799 1149 extuleram,
818 1084 923 1149 repeto,
942 1084 971 1135 et
988 1081 1105 1151 vestigia
1122 1086 1199 1138 retro

416 1161 570 1215 Observata
588 1175 687 1228 sequor
704 1160 880 1225 pernoctem
899 1160 929 1212 et
946 1155 1048 1212 lumine
1064 1158 1160 1214 lustro.

417 1238 526 1292 Horror
542 1234 643 1304 ubique
661 1234 772 1303 animos,
790 1233 870 1287 simul
888 1233 947 1304 ipsa
964 1234 1072 1289 silentia
1088 1238 1204 1290 terrent.
1238 1249 1275 1291 755

417 1313 489 1367 Inde
508 1312 627 1378 domum,
646 1310 669 1363 si
687 1311 758 1363 forte
776 1308 884 1378 pedem,
903 1309 926 1363 si
942 1310 1014 1364 forte
1031 1312 1148 1380 tulisset,

416 1389 464 1443 Me
475 1389 571 1443 refero,
611 1388 759 1440 Inruerant
770 1385 865 1454 Danai,
876 1390 905 1440 et
914 1390 1018 1440 tectum
1028 1404 1108 1442 omne
1116 1387 1255 1443 tenebant.

416 1465 497 1519 llieet
514 1463 585 1532 ignis
603 1463 674 1517 edax
693 1478 798 1516 summa
816 1462 852 1515 ad
870 1462 979 1531 fastigia
996 1467 1077 1518 vento

416 1541 559 1605 Volvitur3
577 1541 745 1607 exsuperant
763 1538 895 1605 flammae,
913 1539 980 1593 furit
997 1544 1089 1595 aestrxs
1105 1540 1144 1595 ad
1159 1556 1249 1596 auras.

417 1616 539 1670 Procedo
557 1620 586 1669 et
605 1615 707 1668 Priami
725 1614 806 1669 sedes
823 1631 968 1685 arcemque
985 1617 1082 1673 reviso.
1237 1633 1273 1675 roo

417 1693 524 1746 Etiam
542 1691 692 1760 porticibus
710 1692 802 1745 vacuis
822 1692 933 1752 Iunonis
950 1692 1024 1762 asylo

416 1766 551 1823 Custodes
570 1766 634 1820 lecti
655 1766 777 1821 Phoenix
796 1767 920 1822 etdirus
938 1768 1034 1823 Ulixes

416 1844 552 1898 Praedam
571 1842 761 1898 adservabant.
799 1844 863 1898 Huc
881 1844 1003 1913 undique
1021 1845 1103 1901 'l'roia
1117 1862 1185 1915 gana

416 1920 539 1975 Incensis
558 1922 654 1987 erepta
672 1919 768 1988 adytis,
786 1937 951 1989 mensaeque
968 1921 1089 1992 deorum,

416 1998 600 2064 Clateresque
620 2012 685 2048 auro
704 1995 791 2064 solidi,
808 1997 972 2065 captivaque
989 1999 1074 2052 vestis
1236 2008 1273 2050 res

417 2072 587 2141 Congeritur.
626 2071 708 2126 Pueri
726 2074 756 2125 et
772 2072 888 2139 pavidae
905 2072 986 2139 longo
1004 2074 1099 2128 ordine
1116 2077 1220 2131 matres

416 2150 497 2204 Stant
514 2148 621 2201 circum.
818 2147 820 2152 '

417 2229 510 2279 Ausus
530 2224 595 2292 quin
614 2225 698 2278 etiam
716 2240 794 2277 voees
813 2225 914 2278 iactare
932 2242 983 2293 per
999 2227 1124 2280 umbram

417 2302 523 2371 Inplevi
541 2299 658 2353 elamore
677 2300 742 2366 rias,
760 2303 935 2367 maestusque
954 2299 1085 2354 Creusam

415 2378 589 2448 Nequiquam
603 2375 774 2443 ingeminans
785 2374 941 2442 iterumque
953 2375 1108 2446 iterumque
1120 2380 1219 2435 voeari.
1236 2395 1273 2438 wo

416 2454 564 2521 Quaerenti
585 2457 615 2507 et
632 2452 713 2505 tectis
731 2451 807 2504 urbis
825 2451 884 2505 sine
902 2451 956 2505 fine
974 2452 1076 2507 furenti

395 2526 397 2529 ’
415 2531 516 2587 Infelix
535 2532 709 2584 sinmlaorum
730 2534 813 2596 atque
831 2528 916 2596 ipsius
934 2528 1031 2582 umbra
1049 2532 1168 2589 Creusae

415 2610 483 2663 Visa
500 2608 565 2662 mihi
585 2612 649 2661 ante
668 2608 759 2661 oeulos
777 2610 807 2659 et
825 2609 891 2660 nota
908 2606 993 2659 maior
1011 2607 1107 2677 image.

415 2687 550 2755 Obstipui,
571 2688 763 2753 steteruntque
781 2700 875 2737 comae
894 2687 923 2737 et
940 2700 991 2737 vox
1009 2685 1131 2742 faucibus
1147 2688 1244 2746 haesit.

415 2764 484 2818 Tum
502 2762 539 2816 sic
558 2762 644 2814 adfari
664 2764 693 2814 et
711 2777 789 2813 curas
806 2761 849 2814 his
868 2761 979 2815 demere
998 2762 1090 2819 dietis:
1236 2782 1273 2825 7⁷5

415 2840 489 2906 Quid
507 2842 616 2893 tantum
635 2839 732 2894 insano
751 2838 827 2891 iuvat
845 2837 988 2907 indulgere
1007 2839 1100 2911 dolori,

415 2918 440 2971 Ο
459 2917 545 2970 duleis
563 2916 699 2971 coniunxi
721 2935 775 2972 non
794 2916 862 2971 haee
881 2915 938 2970 sine
956 2918 1065 2971 numine
1083 2919 1174 2973 divom

416 2994 567 3060 Eveniunt3
583 3010 635 3047 nee
653 2997 683 3049 te
701 2994 765 3048 hine
783 2993 910 3047 comitem
930 2996 1071 3063 asportare
1090 2994 1220 3050 Creusam

415 3072 470 3127 Fas
488 3075 536 3125 aut
552 3071 599 3125 ille
617 3071 683 3126 sinit
702 3072 794 3141 superi
812 3077 942 3139 regnator
960 3070 1074 3141 Olympi.

415 3146 511 3217 Longa
522 3148 573 3203 tibi
584 3147 687 3219 exsilia,
701 3150 731 3204 et
744 3152 852 3202 vastum
865 3148 949 3203 maris
960 3166 1062 3218 aequor
1073 3150 1212 3216 arandum,
1236 3165 1273 3206 rso

415 3226 454 3281 Ilt
470 3230 572 3281 terram
592 3226 755 3297 Hesperiam
775 3230 874 3296 venies,
894 3224 941 3278 ubi
960 3225 1063 3295 Lydius
1080 3242 1145 3279 arva

415 3302 495 3357 Inter
512 3304 603 3373 opima
620 3304 709 3360 virum
726 3305 782 3362 leni
801 3305 862 3359 fluit
880 3309 989 3378 agmine
1009 3301 1138 3371 Thybrisz'

415 3379 478 3434 Illic
495 3397 540 3436 res
556 3382 646 3438 laetae
663 3402 837 3454 regnumque
855 3389 885 3440 et
902 3386 978 3454 regia
995 3383 1112 3439 coniunx

415 3456 501 3511 Parta
517 3458 576 3514 tibi.
616 3462 757 3515 Lacrimas
774 3462 893 3517 dilectae
909 3461 985 3533 pelle
1003 3461 1143 3517 Creusae:

409 3532 473 3584 Non
490 3552 542 3602 ego
559 3537 770 3605 Myrmidonum
790 3540 877 3596 sedes
895 3540 1081 3612 Dolopumue
1099 3533 1247 3603 supernas
1270 3536 1319 3575 a&

396 3606 547 3677 Aspiciam,
567 3616 617 3667 aut
638 3616 735 3673 Graiis
753 3621 902 3677 servitum
918 3617 1075 3692 matribus
1089 3611 1156 3680 ἳω,

384 3676 536 3751 Dardanis,
557 3692 587 3744 et
607 3690 697 3749 divae
717 3696 854 3758 Veneris
873 3714 990 3765 nurum
