3467 4367
457 629 471 671 a
696 624 727 672 Ρ.
746 621 901 670 VERGILI
917 620 1084 672 MARONIS

455 706 498 759 M.
517 704 614 773 Cogite
632 703 697 771 ovis,
714 703 809 772 pueri3
827 702 851 756 si
868 702 911 756 lac
928 704 1102 772 praeceperit
1120 709 1221 775 aestus,

456 782 497 835 Ut
515 798 610 849 nuper,
627 780 731 834 fmstra
748 779 935 849 pressabimus
953 779 1040 833 ubera
1058 781 1162 849 palmis.

490 854 1309 925 D.Heuheu,quampinguimacerestmihitaurusinervo!

457 934 538 989 Idem
555 950 632 987 amor
650 932 765 985 exitium
782 931 875 999 pecori
892 932 1054 1001 pecorisque
1072 935 1212 1002 magistro,
1275 952 1312 990 101

455 991 499 1064 M.
512 1011 649 1064 Hiscertc
658 1026 750 1078 neque
758 1023 835 1061 amor
843 1023 940 1061 caussa
949 1011 993 1062 est
1000 1029 1007 1075 3
1017 1010 1062 1062 vix
1072 1010 1178 1064 ossibus
1188 1011 1311 1067 haerent.

456 1086 556 1141 Nescio
574 1086 635 1154 quis
652 1089 764 1140 teneros
782 1084 875 1138 oculus
893 1084 961 1137 mihi
978 1085 1094 1138 fascinat
1113 1103 1209 1154 agnos.

491 1163 529 1217 D.
545 1162 604 1229 Dic,
613 1161 713 1232 quibus
720 1161 748 1213 in
755 1160 906 1214 terris-et
913 1160 969 1213 eris
975 1161 1043 1214 mihi
1053 1177 1168 1229 magnus
1177 1163 1313 1234 Apollo-

456 1238 518 1291 'l'ris
535 1241 631 1307 pateat
648 1237 717 1291 caeli
734 1236 852 1305 spatium
871 1251 926 1289 non
944 1237 1060 1305 amplius
1077 1238 1161 1291 ulnas.
1276 1255 1313 1293 105

455 1314 498 1368 M.
518 1314 576 1382 Dic,
596 1314 696 1383 quibus
714 1313 742 1366 in
761 1312 844 1366 terris
862 1312 988 1381 inscripti
1006 1313 1116 1366 nomina
1134 1331 1230 1381 regum

456 1390 611 1443 Nascantur
629 1390 717 1456 flores,
735 1391 765 1442 st
784 1388 908 1455 Phyllida
926 1389 998 1442 solus
1016 1388 1124 1442 habeto.

491 1466 529 1520 P.
548 1465 610 1519 Non
628 1469 752 1519 nostrum
768 1464 843 1517 inter
860 1480 909 1517 vos
926 1467 1018 1518 tantas
1036 1481 1189 1533 conponere
1207 1466 1279 1520 lites.

457 1541 495 1595 Et
511 1541 598 1595 vitula
615 1544 654 1603 tu,
665 1541 770 1607 dignus,
789 1543 819 1594 et
836 1539 889 1607 hic,
907 1544 936 1593 et
954 1540 1077 1609 quisquis
1094 1557 1202 1594 amores

458 1618 517 1671 Aut
534 1620 641 1671 metuet
658 1616 752 1682 dulcis,
770 1618 818 1669 aut
836 1616 995 1683 experietur
1013 1633 1126 1670 amaros.
1283 1633 1316 1671 uo

458 1694 585 1748 Claudite
601 1692 655 1747 iam
672 1692 753 1760 rivos,
765 1691 864 1776 ¹pueri:
883 1695 926 1745 sat
944 1696 1025 1760 prata
1041 1692 1180 1748 biberunt.

697 1882 699 1887 ’
740 1912 948 1971 soncos
973 1914 1031 1971 Ν.

813 2041 954 2091 roomo.
1003 2095 1007 2105 ,

458 2155 606 2211 mmmm
623 2155 728 2225 Musae,
745 2155 827 2224 paulo
844 2157 948 2210 maiora
965 2160 1106 2211 canamus!

458 2234 521 2287 Non
539 2232 626 2287 omnis
642 2233 755 2287 arbusta
772 2230 866 2285 iuvant
883 2231 1056 2300 humilesque
1073 2232 1207 2299 myricae3

459 2309 489 2363 si
506 2309 627 2363 canimus
645 2308 734 2377 silvas,
752 2308 836 2362 silvae
854 2307 911 2361 sint
930 2308 1047 2363 Consule
1065 2307 1172 2374 dignae.

493 2386 600 2439 Ultima
618 2385 726 2451 Cymaei
744 2386 820 2438 venit
838 2384 892 2436 iam
910 2384 1039 2438 carminis
1057 2387 1148 2447 aetas3

459 2461 576 2529 Magnus
593 2459 628 2513 ab
645 2459 754 2526 integro
772 2458 922 2512 saeclorum
940 2458 1062 2512 nascitur
1080 2459 1155 2511 ordo.
1302 2474 1315 2513 s

460 2536 522 2590 Iam
539 2534 614 2589 redit
631 2536 661 2587 et
679 2534 773 2601 Virgo,
791 2533 911 2587 redeunt
928 2533 1058 2586 Saturnia
1074 2549 1176 2599 regna,

461 2614 522 2666 Iam
539 2628 609 2666 nora
626 2610 772 2680 progenies
790 2608 865 2663 caelo
884 2608 1041 2663 demittitur
1060 2608 1123 2661 alto.

460 2690 502 2742 Tu
518 2688 599 2742 modo
616 2685 850 2759 nascentino,
868 2699 923 2752 quo
941 2684 1031 2737 ferrea
1048 2684 1166 2752 primum

460 2764 575 2819 Desinet
592 2748 700 2817 afficto
719 2764 813 2829 surget
830 2776 899 2828 gens
917 2776 1001 2814 aurea
1018 2759 1127 2828 mundo,

461 2841 544 2895 Casta
560 2839 621 2893 lave
640 2838 755 2893 Lucina:
773 2840 838 2890 tuus
855 2836 910 2889 iam
929 2838 1028 2903 regnat
1047 2835 1152 2904 Apollo.
1291 2852 1315 2889 ro

461 2917 555 2985 Teque
572 2915 641 2970 adeo
659 2913 742 2968 decus
758 2912 810 2966 hoc
828 2912 895 2980 acri,
912 2914 943 2966 te
962 2911 1085 2979 Consule,
1104 2912 1191 2979 inibit,

462 2992 555 3061 Pollio,
573 2995 603 3046 et
619 2989 749 3058 incipient
767 2988 859 3056 magni
878 2987 1026 3057 procedere
1044 3004 1166 3053 menses3

461 3068 500 3123 Tc
517 3069 594 3136 duce,
612 3068 634 3121 si
652 3082 707 3134 qua
724 3068 836 3118 manent
856 3064 965 3119 sceleris
984 3064 1099 3131 vestigia
1116 3064 1209 3130 nostri,

462 3145 552 3198 Inrita
570 3145 703 3212 perpetua
720 3141 825 3194 solvent
843 3141 990 3195 formidine
1008 3144 1103 3194 terras.

463 3221 515 3274 Ille
532 3220 615 3274 deum
632 3218 716 3271 vitam
727 3218 848 3287 accipiet
867 3217 990 3285 dirisque
1009 3217 1114 3271 videbit
1294 3229 1318 3267 rs

463 3296 617 3350 Permixtos
634 3296 731 3349 heroas
748 3298 777 3349 et
794 3295 853 3364 ipsc
872 3293 1011 3348 videbitur
1030 3293 1090 3360 illis,

464 3371 648 3440 Paestumque
665 3374 744 3440 reget
761 3372 858 3441 patriis
877 3370 1025 3424 virtutibus
1044 3369 1144 3422 orbem.

460 3448 505 3500 hs
521 3448 570 3501 tibi
585 3447 684 3517 prima,
700 3465 777 3518 puer,
794 3448 870 3502 nullo
888 3446 1048 3500 munuscula
1065 3445 1141 3499 cultu

443 3519 576 3603 Bimatra
591 3525 715 3580 hederas
733 3526 840 3597 passim
858 3542 925 3581 cum
940 3523 1079 3579 baccharo
1093 3519 1179 3573 lellus

424 3587 586 3664 Marna
600 3602 716 3659 auena
737 3606 881 3661 colocasia
898 3603 1006 3659 anua
1021 3597 1156 3654 acantho.
1256 3669 1259 3672 Ι
1318 3600 1347 3635 a

408 3656 504 3723 &²⁸³0
522 3671 605 3731 lacte
626 3680 754 3739 domum
774 3685 918 3741 referent
935 3678 1074 3747 distenta
1092 3664 1220 3737 &ilem
