3467 4367
711 637 894 689 nunninus
910 638 980 690 nra.
1000 637 1050 690 v1.
1181 654 1190 663 -
1257 638 1303 687 191
1356 607 1358 611 ’

451 717 624 787 Inpositique
640 715 716 785 rogis
733 717 844 770 iuvenes
862 722 926 772 anto
944 735 993 772 cra
1010 721 1170 789 parentum:

450 794 537 858 Quam
556 793 643 847 multa
660 793 689 845 in
708 792 782 846 silvis
800 794 924 846 autumni
941 794 1043 863 fiigorc
1061 795 1149 863 primo

450 870 539 937 Lapsa
557 868 658 923 cadunt
676 868 749 937 folia,
768 871 817 922 aut
835 868 871 922 ad
889 872 992 923 terram
1010 871 1121 939 gurgite
1138 874 1174 925 ab
1191 872 1248 924 alto
1268 882 1306 923 mo

450 947 538 1011 Quam
556 943 658 997 multae
677 943 865 1012 glomerantur
882 963 946 999 aves
973 946 1019 999 ubi
1038 947 1153 1015 frigidus
1170 948 1257 1000 annius

411 1022 535 1136 )¹rans
552 1022 668 1089 pontum
686 1020 766 1088 fugat
785 1023 814 1074 et
831 1022 914 1074 terris
931 1021 1048 1076 inmittit
1064 1022 1169 1091 apricis.

450 1098 567 1152 Stabant
584 1099 695 1151 orantes
714 1096 797 1165 primi
816 1098 1006 1153 transmittere
1024 1115 1141 1167 cursum,

450 1173 666 1242 'l'endebantquc
685 1189 782 1227 manus
801 1173 878 1246 ripae
896 1174 1036 1230 ulterioris
1052 1191 1152 1230 amore.

450 1250 551 1305 Navita
568 1248 619 1303 sed
636 1248 725 1328 tristis
743 1267 815 1304 nunc
833 1249 884 1303 hos
901 1254 973 1304 minc
991 1251 1089 1320 accipit
1105 1251 1175 1321 illos,
1270 1264 1307 1305 sus

452 1328 506 1404 Ast
523 1326 590 1381 alios
607 1325 688 1395 longe
709 1324 851 1381 submotos
870 1330 946 1382 arcet
965 1344 1054 1382 arena.

452 1403 561 1457 Aeneas
577 1401 692 1456 miratus
711 1404 784 1456 enim
803 1406 949 1472 motusque
967 1404 1088 1460 tumultu

451 1479 508 1545 Dic,
527 1478 573 1542 ait,
591 1494 607 1531 o
624 1478 708 1548 virgo,
729 1479 796 1549 quid
814 1480 872 1533 volt
891 1497 1036 1534 concursus
1055 1480 1091 1534 ad
1110 1480 1235 1535 amneml

451 1553 558 1619 Quidve
575 1557 675 1622 petunt
694 1556 818 1610 animast
838 1556 881 1610 vel
901 1574 954 1626 quo
973 1555 1129 1611 discrimine
1145 1556 1220 1625 ripas

454 1632 513 1685 Hae
531 1630 668 1699 linquunt,
686 1632 749 1685 illae
767 1631 852 1686 remis
870 1634 940 1688 vada
958 1633 1041 1687 livida
1058 1635 1190 1689 verruntl
1270 1646 1308 1687 sau

451 1707 506 1761 Olli
524 1708 563 1761 sic
580 1707 703 1763 breviter
719 1708 777 1764 lata
795 1713 839 1763 est
857 1710 987 1779 longaeva
1005 1710 1145 1766 sacerdos:

452 1784 573 1838 Anchisa
589 1790 727 1855 generate,
747 1787 830 1841 deum
849 1787 1002 1841 certissima
1020 1787 1119 1857 proles,

452 1861 546 1930 Cocyti
564 1865 662 1930 stagna
681 1863 738 1918 alta
756 1864 832 1918 vides
853 1864 1031 1933 Stygiamque
1049 1863 1187 1933 paludem,

432 1938 488 2013 ju
506 1939 581 1993 cuius
599 1938 690 1995 iurare
708 1940 808 1995 timent
828 1945 856 1995 et
875 1940 970 1994 fallere
988 1957 1108 1995 numen,

452 2015 531 2070 Haec
541 2016 636 2084 omnis,
650 2033 732 2086 quam
745 2018 841 2086 cernis,
853 2017 933 2087 inops
946 2016 1143 2085 inhumataque
1155 2012 1238 2068 turba
1248 2014 1308 2076 est;

453 2091 575 2147 Portitor
592 2093 640 2147 ifle
659 2094 782 2159 Charon3
804 2093 839 2158 hi,
859 2108 927 2162 quos
945 2092 1021 2145 vehit
1038 2091 1119 2159 unda,
1137 2088 1246 2157 sepulti.
1271 2102 1309 2141 aas

452 2168 513 2223 Nec
529 2170 603 2237 ripas
622 2168 705 2222 datur
722 2169 873 2222 horrendas
892 2171 921 2222 et
939 2184 1021 2221 rauca
1039 2168 1141 2220 fluenta

453 2245 652 2313 'l'ransportare
669 2245 753 2312 prius,
772 2261 853 2313 quam
873 2242 984 2297 sedibus
1001 2258 1064 2296 ossa
1083 2242 1218 2310 quicumt

454 2320 574 2375 Centum
592 2323 686 2375 errant
703 2336 788 2373 annos
806 2320 978 2388 volitantque
995 2318 1063 2372 haec
1081 2318 1163 2371 litora
1179 2318 1296 2382 circum3

454 2396 524 2450 Tum
542 2396 653 2451 demum
671 2396 783 2451 admissi
801 2399 898 2464 stagna
917 2398 1048 2463 exoptata
1064 2394 1194 2448 revisunt.
1272 2407 1310 2447 acc

455 2473 586 2527 Constitit
604 2472 725 2527 Anchisa
744 2476 819 2527 satus
837 2475 867 2525 et
885 2471 1000 2540 vestigia
1017 2470 1124 2540 pressit,
1374 2479 1377 2484 ·

453 2548 545 2605 Multa
562 2553 671 2620 putans,
690 2552 847 2619 sortemque
865 2549 954 2602 animo
972 2548 1117 2601 miseratus
1135 2546 1266 2617 iniquam.

454 2627 551 2682 (lenuit
568 2628 606 2681 ibi
625 2631 743 2681 maestos
762 2630 791 2681 et
808 2626 906 2680 mortis
923 2625 1026 2680 honore
1043 2623 1164 2679 carentis

454 2704 615 2773 Leucaspim
633 2707 663 2758 et
681 2704 778 2772 Lyciae
796 2704 938 2758 ductorem
958 2700 1051 2756 classis
1069 2699 1200 2766 Oronten,

455 2780 529 2845 Quos
547 2780 634 2849 simul,
653 2797 669 2835 a
687 2780 767 2833 Troia
783 2783 897 2834 ventosa
915 2795 965 2847 per
983 2793 1101 2845 aequora
1119 2777 1219 2843 vectos,
1271 2785 1309 2827 aas

454 2856 555 2912 Obmit
574 2859 685 2925 Auster,
704 2873 774 2926 aqua
792 2856 932 2909 involvens
950 2869 1102 2922 navemque
1119 2850 1254 2918 virosque.

432 2923 454 2943 f
489 2933 559 2988 Flcce
576 2925 744 3001 gubernator
763 2949 823 2987 sese
841 2931 986 2985 Palinurus
1004 2929 1112 2997 agebat,
1214 2894 1310 2998 *ll

455 3010 509 3075 Qui
527 3010 627 3078 Libyco
647 3026 733 3078 nuper
752 3026 841 3078 cursu,
860 3008 926 3061 dum
945 3005 1036 3059 sidera
1053 3005 1152 3071 servat,

457 3086 604 3141 Exciderat
622 3088 706 3155 puppi
724 3086 822 3140 mediis
841 3084 942 3139 effusus
960 3082 988 3136 in
1006 3080 1093 3134 undis.

407 3196 410 3202 ·
457 3163 539 3217 Hunc
556 3161 603 3216 ubi
620 3164 665 3217 vix
684 3164 771 3218 multa
789 3165 924 3217 macetum
942 3157 1068 3226 cognovit
1086 3157 1114 3209 in
1132 3154 1238 3222 umbra,
1271 3165 1309 3207 sao

456 3240 501 3293 Sic
518 3239 594 3308 prior
612 3240 783 3310 adloquitur:
807 3239 874 3305 Quis
891 3241 928 3306 tc,
948 3235 1083 3302 Palinure,
1102 3233 1215 3286 deornm

457 3316 567 3385 llripuit
585 3316 670 3385 nobis,
688 3318 834 3386 medioque
852 3332 885 3369 su
922 3328 1040 3382 aequore
1058 3309 1170 3364 mersitl
1270 3345 1273 3350 ,

458 3392 508 3445 Dic
526 3407 586 3459 age.
621 3392 747 3462 Namque
764 3393 839 3461 mihi,
884 3390 940 3445 llax
957 3389 1032 3443 haud
1050 3389 1114 3441 ante
1131 3385 1266 3453 repertus,

459 3468 519 3521 Hoc
536 3482 591 3520 uno
608 3484 737 3536 responso
755 3470 877 3522 animum
893 3465 998 3521 delusit
1018 3462 1130 3532 Apollo,

457 3544 509 3608 Qui
525 3543 586 3596 fore
603 3545 632 3595 te
648 3548 735 3613 ponto
752 3546 933 3614 incolumem,
949 3542 1077 3609 huiusque
1094 3532 1223 3588 maenas
1309 3527 1358 3563 ’μ’

415 3622 605 3693 „Venarum
626 3624 783 3683 Ausonios.
820 3626 871 3683 En
886 3623 965 3679 haee
980 3615 1137 3690 promissa
1148 3602 1235 3685 tadu*
1250 3588 1324 3642 W*

432 3694 493 3751 Ille
508 3697 625 3755 autem:
648 3700 757 3775 Neque
778 3708 816 3763 te
831 3699 960 3761 Phoebi
979 3692 1104 3753 eortina
1117 3673 1251 3737 ratchis„
