<?xml version="1.0" encoding="UTF-8"?>
<!DOCTYPE html PUBLIC "-//W3C//DTD XHTML 1.0 Transitional//EN"
    "http://www.w3.org/TR/xhtml1/DTD/xhtml1-transitional.dtd">
<html xmlns="http://www.w3.org/1999/xhtml" xml:lang="en" lang="en">
 <head>
  <title>
</title>
<meta http-equiv="Content-Type" content="text/html;charset=utf-8" />
  <meta name='ocr-system' content='tesseract 3.04.00' />
  <meta name='ocr-capabilities' content='ocr_page ocr_carea ocr_par ocr_line ocrx_word'/>
</head>
<body>
  <div class='ocr_page' id='page_1' title='image "./publivergilimar02virggoog/publivergilimar02virggoog_0070.png"; bbox 0 0 3467 4367; ppageno 0'>
   <div class='ocr_carea' id='block_1_1' title="bbox 477 624 1100 673">
    <p class='ocr_par' dir='ltr' id='par_1_1' title="bbox 477 624 1100 673">
     <span class='ocr_line' id='line_1_1' title="bbox 477 624 1100 673; baseline 0.003 -2"><span class='ocrx_word' id='word_1_1' title='bbox 477 627 508 672; x_wconf 79' lang='lat'><strong>60</strong></span> <span class='ocrx_word' id='word_1_2' title='bbox 716 625 745 673; x_wconf 92' lang='lat' dir='ltr'><strong>P.</strong></span> <span class='ocrx_word' id='word_1_3' title='bbox 763 624 916 673; x_wconf 83' lang='lat' dir='ltr'><strong>VERGILI</strong></span> <span class='ocrx_word' id='word_1_4' title='bbox 934 624 1100 673; x_wconf 83' lang='lat' dir='ltr'>MARONIS</span> 
     </span>
    </p>
   </div>
   <div class='ocr_carea' id='block_1_2' title="bbox 378 704 1335 3681">
    <p class='ocr_par' dir='ltr' id='par_1_2' title="bbox 378 704 1335 1305">
     <span class='ocr_line' id='line_1_2' title="bbox 474 704 1127 774; baseline 0.002 -16"><span class='ocrx_word' id='word_1_5' title='bbox 474 704 587 761; x_wconf 76' lang='lat' dir='ltr'><strong>Vellera</strong></span> <span class='ocrx_word' id='word_1_6' title='bbox 605 710 746 761; x_wconf 86' lang='lat' dir='ltr'><strong>mutentur</strong></span> <span class='ocrx_word' id='word_1_7' title='bbox 763 706 858 774; x_wconf 79' lang='lat' dir='ltr'><strong>Tyrios</strong></span> <span class='ocrx_word' id='word_1_8' title='bbox 876 705 981 760; x_wconf 86' lang='lat' dir='ltr'><strong>incocta</strong></span> <span class='ocrx_word' id='word_1_9' title='bbox 998 705 1127 760; x_wconf 83' lang='lat' dir='ltr'>rubores:</span> 
     </span>
     <span class='ocr_line' id='line_1_3' title="bbox 474 780 1246 850; baseline 0 -15"><span class='ocrx_word' id='word_1_10' title='bbox 474 780 591 835; x_wconf 87' lang='lat' dir='ltr'><strong>Densior</strong></span> <span class='ocrx_word' id='word_1_11' title='bbox 607 781 672 836; x_wconf 90' lang='lat' dir='ltr'><strong>hinc</strong></span> <span class='ocrx_word' id='word_1_12' title='bbox 689 780 806 850; x_wconf 89' lang='lat' dir='ltr'><strong>suboles,</strong></span> <span class='ocrx_word' id='word_1_13' title='bbox 823 781 887 835; x_wconf 91' lang='lat' dir='ltr'><strong>hinc</strong></span> <span class='ocrx_word' id='word_1_14' title='bbox 905 781 975 849; x_wconf 90' lang='lat' dir='ltr'><strong>largi</strong></span> <span class='ocrx_word' id='word_1_15' title='bbox 992 782 1069 850; x_wconf 91' lang='lat' dir='ltr'><strong>copia</strong></span> <span class='ocrx_word' id='word_1_16' title='bbox 1088 782 1183 847; x_wconf 83' lang='lat' dir='ltr'><strong>lactis3</strong></span> <span class='ocrx_word' id='word_1_17' title='bbox 1244 820 1246 824; x_wconf 87' lang='lat'>-</span> 
     </span>
     <span class='ocr_line' id='line_1_4' title="bbox 474 858 1253 926; baseline 0.001 -15"><span class='ocrx_word' id='word_1_18' title='bbox 474 858 562 922; x_wconf 82' lang='lat' dir='ltr'><strong>Quam</strong></span> <span class='ocrx_word' id='word_1_19' title='bbox 579 858 667 925; x_wconf 86' lang='lat' dir='ltr'><strong>magis</strong></span> <span class='ocrx_word' id='word_1_20' title='bbox 685 858 820 911; x_wconf 85' lang='lat' dir='ltr'><strong>exhausto</strong></span> <span class='ocrx_word' id='word_1_21' title='bbox 838 858 1007 926; x_wconf 75' lang='lat' dir='ltr'><strong>spumaverit</strong></span> <span class='ocrx_word' id='word_1_22' title='bbox 1024 858 1110 912; x_wconf 90' lang='lat' dir='ltr'><strong>ubere</strong></span> <span class='ocrx_word' id='word_1_23' title='bbox 1126 859 1253 925; x_wconf 88' lang='lat' dir='ltr'><strong>mulctra,</strong></span> 
     </span>
     <span class='ocr_line' id='line_1_5' title="bbox 473 928 1335 1002; baseline 0.006 -16"><span class='ocrx_word' id='word_1_24' title='bbox 473 933 561 988; x_wconf 88' lang='lat' dir='ltr'><strong>Laeta</strong></span> <span class='ocrx_word' id='word_1_25' title='bbox 577 934 665 1001; x_wconf 82' lang='lat' dir='ltr'><strong>magis</strong></span> <span class='ocrx_word' id='word_1_26' title='bbox 682 928 783 1002; x_wconf 84' lang='lat' dir='ltr'><strong>pressis</strong></span> <span class='ocrx_word' id='word_1_27' title='bbox 801 932 952 987; x_wconf 88' lang='lat' dir='ltr'><strong>manabunt</strong></span> <span class='ocrx_word' id='word_1_28' title='bbox 970 933 1082 987; x_wconf 87' lang='lat' dir='ltr'><strong>flumina</strong></span> <span class='ocrx_word' id='word_1_29' title='bbox 1098 934 1233 988; x_wconf 80' lang='lat' dir='ltr'><strong>mammis.</strong></span> <span class='ocrx_word' id='word_1_30' title='bbox 1297 950 1335 991; x_wconf 81' lang='lat' dir='ltr'><strong>aro</strong></span> 
     </span>
     <span class='ocr_line' id='line_1_6' title="bbox 473 1008 1164 1077; baseline 0 -14"><span class='ocrx_word' id='word_1_31' title='bbox 473 1009 500 1063; x_wconf 85' lang='lat' dir='ltr'>N</span> <span class='ocrx_word' id='word_1_32' title='bbox 502 1027 533 1063; x_wconf 86' lang='lat' dir='ltr'><strong>oc</strong></span> <span class='ocrx_word' id='word_1_33' title='bbox 550 1010 640 1064; x_wconf 86' lang='lat' dir='ltr'><strong>minus</strong></span> <span class='ocrx_word' id='word_1_34' title='bbox 658 1010 765 1064; x_wconf 86' lang='lat' dir='ltr'><strong>interea</strong></span> <span class='ocrx_word' id='word_1_35' title='bbox 784 1008 885 1062; x_wconf 81' lang='lat' dir='ltr'><strong>barbas</strong></span> <span class='ocrx_word' id='word_1_36' title='bbox 902 1010 1054 1077; x_wconf 82' lang='lat' dir='ltr'>incanaque</span> <span class='ocrx_word' id='word_1_37' title='bbox 1071 1014 1164 1063; x_wconf 87' lang='lat' dir='ltr'><strong>menta</strong></span> 
     </span>
     <span class='ocr_line' id='line_1_7' title="bbox 473 1085 1137 1155; baseline 0.002 -17"><span class='ocrx_word' id='word_1_38' title='bbox 473 1086 598 1155; x_wconf 75' lang='lat' dir='ltr'>Cinyphii</span> <span class='ocrx_word' id='word_1_39' title='bbox 616 1086 735 1139; x_wconf 87' lang='lat' dir='ltr'><strong>tondent</strong></span> <span class='ocrx_word' id='word_1_40' title='bbox 752 1085 821 1138; x_wconf 92' lang='lat' dir='ltr'><strong>hirci</strong></span> <span class='ocrx_word' id='word_1_41' title='bbox 839 1088 986 1153; x_wconf 87' lang='lat' dir='ltr'><strong>saetasque</strong></span> <span class='ocrx_word' id='word_1_42' title='bbox 1004 1086 1137 1140; x_wconf 81' lang='lat' dir='ltr'><strong>comantis</strong></span> 
     </span>
     <span class='ocr_line' id='line_1_8' title="bbox 473 1161 1218 1217; baseline 0.001 -2"><span class='ocrx_word' id='word_1_43' title='bbox 473 1162 561 1215; x_wconf 88' lang='lat' dir='ltr'>Usum</span> <span class='ocrx_word' id='word_1_44' title='bbox 577 1162 606 1214; x_wconf 91' lang='lat' dir='ltr'><strong>in</strong></span> <span class='ocrx_word' id='word_1_45' title='bbox 623 1165 776 1215; x_wconf 88' lang='lat' dir='ltr'><strong>castrorum</strong></span> <span class='ocrx_word' id='word_1_46' title='bbox 794 1164 823 1215; x_wconf 93' lang='lat' dir='ltr'><strong>et</strong></span> <span class='ocrx_word' id='word_1_47' title='bbox 840 1161 948 1214; x_wconf 85' lang='lat' dir='ltr'><strong>miseris</strong></span> <span class='ocrx_word' id='word_1_48' title='bbox 965 1162 1101 1215; x_wconf 82' lang='lat' dir='ltr'><strong>velamina</strong></span> <span class='ocrx_word' id='word_1_49' title='bbox 1117 1162 1218 1217; x_wconf 83' lang='lat' dir='ltr'><strong>nautia.</strong></span> 
     </span>
     <span class='ocr_line' id='line_1_9' title="bbox 378 1238 1101 1305; baseline 0 -14"><span class='ocrx_word' id='word_1_50' title='bbox 378 1255 379 1259; x_wconf 47' lang='lat'>¹</span> <span class='ocrx_word' id='word_1_51' title='bbox 473 1238 626 1292; x_wconf 85' lang='lat' dir='ltr'><strong>Pascuntur</strong></span> <span class='ocrx_word' id='word_1_52' title='bbox 643 1254 708 1291; x_wconf 86' lang='lat' dir='ltr'><strong>vero</strong></span> <span class='ocrx_word' id='word_1_53' title='bbox 727 1238 808 1291; x_wconf 85' lang='lat' dir='ltr'><strong>silvas</strong></span> <span class='ocrx_word' id='word_1_54' title='bbox 826 1240 855 1291; x_wconf 87' lang='lat' dir='ltr'><strong>et</strong></span> <span class='ocrx_word' id='word_1_55' title='bbox 873 1254 979 1291; x_wconf 87' lang='lat' dir='ltr'><strong>summa</strong></span> <span class='ocrx_word' id='word_1_56' title='bbox 998 1238 1101 1305; x_wconf 87' lang='lat' dir='ltr'><strong>Lycaei,</strong></span> 
     </span>
    </p>

    <p class='ocr_par' dir='ltr' id='par_1_3' title="bbox 471 1312 1333 2223">
     <span class='ocr_line' id='line_1_10' title="bbox 473 1312 1333 1382; baseline 0.005 -15"><span class='ocrx_word' id='word_1_57' title='bbox 473 1314 675 1382; x_wconf 86' lang='lat' dir='ltr'><strong>Horrentisque</strong></span> <span class='ocrx_word' id='word_1_58' title='bbox 693 1314 775 1367; x_wconf 90' lang='lat' dir='ltr'><strong>rubos</strong></span> <span class='ocrx_word' id='word_1_59' title='bbox 793 1318 823 1368; x_wconf 92' lang='lat' dir='ltr'><strong>et</strong></span> <span class='ocrx_word' id='word_1_60' title='bbox 840 1312 957 1366; x_wconf 87' lang='lat' dir='ltr'><strong>amantis</strong></span> <span class='ocrx_word' id='word_1_61' title='bbox 975 1313 1061 1367; x_wconf 85' lang='lat' dir='ltr'><strong>ardua</strong></span> <span class='ocrx_word' id='word_1_62' title='bbox 1079 1314 1189 1381; x_wconf 89' lang='lat' dir='ltr'><strong>dumos;</strong></span> <span class='ocrx_word' id='word_1_63' title='bbox 1297 1332 1333 1371; x_wconf 76' lang='lat' dir='ltr'><strong>ais</strong></span> 
     </span>
     <span class='ocr_line' id='line_1_11' title="bbox 473 1389 1231 1459; baseline 0.001 -15"><span class='ocrx_word' id='word_1_64' title='bbox 473 1391 568 1459; x_wconf 82' lang='lat' dir='ltr'><strong>Atque</strong></span> <span class='ocrx_word' id='word_1_65' title='bbox 585 1390 661 1459; x_wconf 80' lang='lat' dir='ltr'><strong>ipsae</strong></span> <span class='ocrx_word' id='word_1_66' title='bbox 679 1407 812 1443; x_wconf 83' lang='lat' dir='ltr'><strong>memores</strong></span> <span class='ocrx_word' id='word_1_67' title='bbox 830 1389 949 1443; x_wconf 85' lang='lat' dir='ltr'><strong>redeunt</strong></span> <span class='ocrx_word' id='word_1_68' title='bbox 966 1390 994 1442; x_wconf 88' lang='lat' dir='ltr'><strong>in</strong></span> <span class='ocrx_word' id='word_1_69' title='bbox 1013 1393 1093 1456; x_wconf 78' lang='lat' dir='ltr'><strong>tecta,</strong></span> <span class='ocrx_word' id='word_1_70' title='bbox 1111 1407 1231 1459; x_wconf 87' lang='lat' dir='ltr'><strong>suosque</strong></span> 
     </span>
     <span class='ocr_line' id='line_1_12' title="bbox 472 1465 1195 1535; baseline 0 -15"><span class='ocrx_word' id='word_1_71' title='bbox 472 1466 590 1535; x_wconf 87' lang='lat' dir='ltr'><strong>Ducunt,</strong></span> <span class='ocrx_word' id='word_1_72' title='bbox 608 1470 637 1520; x_wconf 90' lang='lat' dir='ltr'><strong>et</strong></span> <span class='ocrx_word' id='word_1_73' title='bbox 655 1466 770 1535; x_wconf 82' lang='lat' dir='ltr'><strong>gravido</strong></span> <span class='ocrx_word' id='word_1_74' title='bbox 789 1469 920 1534; x_wconf 86' lang='lat' dir='ltr'><strong>superant</strong></span> <span class='ocrx_word' id='word_1_75' title='bbox 936 1466 982 1520; x_wconf 81' lang='lat' dir='ltr'><strong>vix</strong></span> <span class='ocrx_word' id='word_1_76' title='bbox 1001 1465 1086 1520; x_wconf 85' lang='lat' dir='ltr'><strong>ubere</strong></span> <span class='ocrx_word' id='word_1_77' title='bbox 1105 1466 1195 1521; x_wconf 88' lang='lat' dir='ltr'><strong>limcu.</strong></span> 
     </span>
     <span class='ocr_line' id='line_1_13' title="bbox 472 1542 1170 1611; baseline 0.001 -17"><span class='ocrx_word' id='word_1_78' title='bbox 472 1542 545 1611; x_wconf 83' lang='lat' dir='ltr'><strong>Ergo</strong></span> <span class='ocrx_word' id='word_1_79' title='bbox 563 1543 636 1596; x_wconf 92' lang='lat' dir='ltr'><strong>omni</strong></span> <span class='ocrx_word' id='word_1_80' title='bbox 656 1543 748 1596; x_wconf 89' lang='lat' dir='ltr'><strong>studio</strong></span> <span class='ocrx_word' id='word_1_81' title='bbox 765 1542 880 1610; x_wconf 80' lang='lat' dir='ltr'><strong>glaciem</strong></span> <span class='ocrx_word' id='word_1_82' title='bbox 898 1546 1049 1611; x_wconf 83' lang='lat' dir='ltr'><strong>ventosque</strong></span> <span class='ocrx_word' id='word_1_83' title='bbox 1067 1542 1170 1607; x_wconf 85' lang='lat' dir='ltr'><strong>nivalis,</strong></span> 
     </span>
     <span class='ocr_line' id='line_1_14' title="bbox 472 1619 1144 1687; baseline 0 -14"><span class='ocrx_word' id='word_1_84' title='bbox 472 1620 532 1684; x_wconf 82' lang='lat' dir='ltr'><strong>Quo</strong></span> <span class='ocrx_word' id='word_1_85' title='bbox 549 1620 638 1673; x_wconf 91' lang='lat' dir='ltr'><strong>minor</strong></span> <span class='ocrx_word' id='word_1_86' title='bbox 655 1619 769 1673; x_wconf 85' lang='lat' dir='ltr'><strong>catillis</strong></span> <span class='ocrx_word' id='word_1_87' title='bbox 787 1636 869 1672; x_wconf 83' lang='lat' dir='ltr'><strong>curae</strong></span> <span class='ocrx_word' id='word_1_88' title='bbox 887 1619 1010 1673; x_wconf 83' lang='lat' dir='ltr'><strong>mortalis</strong></span> <span class='ocrx_word' id='word_1_89' title='bbox 1028 1623 1144 1687; x_wconf 82' lang='lat' dir='ltr'><strong>egestas,</strong></span> 
     </span>
     <span class='ocr_line' id='line_1_15' title="bbox 472 1695 1332 1765; baseline 0.002 -16"><span class='ocrx_word' id='word_1_90' title='bbox 472 1697 597 1764; x_wconf 87' lang='lat' dir='ltr'><strong>Avertes,</strong></span> <span class='ocrx_word' id='word_1_91' title='bbox 615 1696 772 1765; x_wconf 87' lang='lat' dir='ltr'><strong>victumque</strong></span> <span class='ocrx_word' id='word_1_92' title='bbox 790 1695 861 1748; x_wconf 85' lang='lat' dir='ltr'><strong>feres</strong></span> <span class='ocrx_word' id='word_1_93' title='bbox 880 1698 909 1748; x_wconf 89' lang='lat' dir='ltr'><strong>et</strong></span> <span class='ocrx_word' id='word_1_94' title='bbox 927 1696 1020 1763; x_wconf 87' lang='lat' dir='ltr'><strong>virgea</strong></span> <span class='ocrx_word' id='word_1_95' title='bbox 1037 1696 1126 1749; x_wconf 89' lang='lat' dir='ltr'><strong>laetus</strong></span> <span class='ocrx_word' id='word_1_96' title='bbox 1294 1712 1332 1751; x_wconf 76' lang='lat' dir='ltr'><strong>aa)</strong></span> 
     </span>
     <span class='ocr_line' id='line_1_16' title="bbox 472 1771 1183 1840; baseline 0 -15"><span class='ocrx_word' id='word_1_97' title='bbox 472 1771 582 1840; x_wconf 87' lang='lat' dir='ltr'><strong>Pabula,</strong></span> <span class='ocrx_word' id='word_1_98' title='bbox 600 1789 652 1826; x_wconf 90' lang='lat' dir='ltr'><strong>nec</strong></span> <span class='ocrx_word' id='word_1_99' title='bbox 669 1775 729 1826; x_wconf 84' lang='lat' dir='ltr'><strong>tota</strong></span> <span class='ocrx_word' id='word_1_100' title='bbox 746 1771 858 1825; x_wconf 86' lang='lat' dir='ltr'><strong>claudes</strong></span> <span class='ocrx_word' id='word_1_101' title='bbox 878 1771 988 1824; x_wconf 84' lang='lat' dir='ltr'><strong>faenilia</strong></span> <span class='ocrx_word' id='word_1_102' title='bbox 1005 1771 1110 1825; x_wconf 89' lang='lat' dir='ltr'><strong>bruma.</strong></span> <span class='ocrx_word' id='word_1_103' title='bbox 1174 1823 1183 1836; x_wconf 78' lang='grc'>,</span> 
     </span>
     <span class='ocr_line' id='line_1_17' title="bbox 472 1847 1205 1918; baseline 0.001 -16"><span class='ocrx_word' id='word_1_104' title='bbox 472 1850 513 1902; x_wconf 87' lang='lat' dir='ltr'><strong>At</strong></span> <span class='ocrx_word' id='word_1_105' title='bbox 530 1866 594 1902; x_wconf 84' lang='lat' dir='ltr'><strong>vero</strong></span> <span class='ocrx_word' id='word_1_106' title='bbox 613 1849 745 1918; x_wconf 77' lang='lat' dir='ltr'><strong>Zephyris</strong></span> <span class='ocrx_word' id='word_1_107' title='bbox 763 1864 825 1901; x_wconf 90' lang='lat' dir='ltr'><strong>cum</strong></span> <span class='ocrx_word' id='word_1_108' title='bbox 842 1848 917 1901; x_wconf 86' lang='lat' dir='ltr'><strong>laeta</strong></span> <span class='ocrx_word' id='word_1_109' title='bbox 934 1847 1094 1901; x_wconf 81' lang='lat' dir='ltr'><strong>vocantibus</strong></span> <span class='ocrx_word' id='word_1_110' title='bbox 1113 1852 1205 1903; x_wconf 88' lang='lat' dir='ltr'><strong>aestas</strong></span> 
     </span>
     <span class='ocr_line' id='line_1_18' title="bbox 472 1925 1327 1994; baseline 0.008 -17"><span class='ocrx_word' id='word_1_111' title='bbox 472 1925 506 1977; x_wconf 91' lang='lat' dir='ltr'><strong>In</strong></span> <span class='ocrx_word' id='word_1_112' title='bbox 524 1925 610 1978; x_wconf 88' lang='lat' dir='ltr'><strong>saltus</strong></span> <span class='ocrx_word' id='word_1_113' title='bbox 626 1929 773 1994; x_wconf 88' lang='lat' dir='ltr'><strong>utrumque</strong></span> <span class='ocrx_word' id='word_1_114' title='bbox 791 1941 904 1992; x_wconf 84' lang='lat' dir='ltr'><strong>gregem</strong></span> <span class='ocrx_word' id='word_1_115' title='bbox 921 1926 1006 1992; x_wconf 88' lang='lat' dir='ltr'><strong>atque</strong></span> <span class='ocrx_word' id='word_1_116' title='bbox 1024 1925 1051 1978; x_wconf 88' lang='lat' dir='ltr'><strong>in</strong></span> <span class='ocrx_word' id='word_1_117' title='bbox 1069 1941 1172 1993; x_wconf 88' lang='lat' dir='ltr'><strong>pascua</strong></span> <span class='ocrx_word' id='word_1_118' title='bbox 1189 1926 1293 1993; x_wconf 86' lang='lat' dir='ltr'><strong>mittet,</strong></span> <span class='ocrx_word' id='word_1_119' title='bbox 1321 1977 1327 1984; x_wconf 86' lang='lat'>.</span> 
     </span>
     <span class='ocr_line' id='line_1_19' title="bbox 471 2000 1085 2071; baseline 0 -17"><span class='ocrx_word' id='word_1_120' title='bbox 471 2001 590 2055; x_wconf 77' lang='lat' dir='ltr'><strong>Luciferi</strong></span> <span class='ocrx_word' id='word_1_121' title='bbox 607 2001 695 2071; x_wconf 91' lang='lat' dir='ltr'><strong>primo</strong></span> <span class='ocrx_word' id='word_1_122' title='bbox 713 2018 775 2054; x_wconf 91' lang='lat' dir='ltr'><strong>cum</strong></span> <span class='ocrx_word' id='word_1_123' title='bbox 793 2001 885 2054; x_wconf 89' lang='lat' dir='ltr'><strong>sidere</strong></span> <span class='ocrx_word' id='word_1_124' title='bbox 903 2000 1004 2068; x_wconf 83' lang='lat' dir='ltr'><strong>frigida</strong></span> <span class='ocrx_word' id='word_1_125' title='bbox 1020 2017 1085 2054; x_wconf 90' lang='lat' dir='ltr'><strong>rura</strong></span> 
     </span>
     <span class='ocr_line' id='line_1_20' title="bbox 471 2076 1330 2147; baseline 0.001 -16"><span class='ocrx_word' id='word_1_126' title='bbox 471 2077 629 2147; x_wconf 81' lang='lat' dir='ltr'><strong>Oarpamus,</strong></span> <span class='ocrx_word' id='word_1_127' title='bbox 641 2078 707 2131; x_wconf 91' lang='lat' dir='ltr'><strong>dum</strong></span> <span class='ocrx_word' id='word_1_128' title='bbox 720 2093 918 2142; x_wconf 76' lang='lat' dir='ltr'><strong>macenorum,</strong></span> <span class='ocrx_word' id='word_1_129' title='bbox 931 2076 997 2129; x_wconf 91' lang='lat' dir='ltr'><strong>dum</strong></span> <span class='ocrx_word' id='word_1_130' title='bbox 1009 2077 1133 2145; x_wconf 86' lang='lat' dir='ltr'><strong>gramina</strong></span> <span class='ocrx_word' id='word_1_131' title='bbox 1144 2082 1252 2143; x_wconf 86' lang='lat' dir='ltr'><strong>canent,</strong></span> <span class='ocrx_word' id='word_1_132' title='bbox 1292 2094 1330 2132; x_wconf 74' lang='lat' dir='ltr'><strong>aas</strong></span> 
     </span>
     <span class='ocr_line' id='line_1_21' title="bbox 471 2145 1138 2223; baseline 0.004 -18"><span class='ocrx_word' id='word_1_133' title='bbox 471 2152 507 2207; x_wconf 84' lang='lat' dir='ltr'><strong>Et</strong></span> <span class='ocrx_word' id='word_1_134' title='bbox 525 2171 570 2208; x_wconf 86' lang='lat' dir='ltr'><strong>ros</strong></span> <span class='ocrx_word' id='word_1_135' title='bbox 587 2154 616 2208; x_wconf 92' lang='lat' dir='ltr'><strong>in</strong></span> <span class='ocrx_word' id='word_1_136' title='bbox 632 2157 729 2208; x_wconf 89' lang='lat' dir='ltr'><strong>tenera</strong></span> <span class='ocrx_word' id='word_1_137' title='bbox 746 2153 838 2223; x_wconf 86' lang='lat' dir='ltr'><strong>pecori</strong></span> <span class='ocrx_word' id='word_1_138' title='bbox 855 2145 1029 2220; x_wconf 89' lang='lat' dir='ltr'><strong>gratissimus</strong></span> <span class='ocrx_word' id='word_1_139' title='bbox 1046 2152 1138 2208; x_wconf 86' lang='lat' dir='ltr'><strong>herba</strong></span> 
     </span>
    </p>

    <p class='ocr_par' dir='ltr' id='par_1_4' title="bbox 419 2228 1329 3138">
     <span class='ocr_line' id='line_1_22' title="bbox 419 2228 1152 2300; baseline 0.001 -17"><span class='ocrx_word' id='word_1_140' title='bbox 419 2251 432 2276; x_wconf 88' lang='lat'><strong>·</strong></span> <span class='ocrx_word' id='word_1_141' title='bbox 471 2228 548 2297; x_wconf 86' lang='lat' dir='ltr'><strong>Inde,</strong></span> <span class='ocrx_word' id='word_1_142' title='bbox 565 2230 613 2284; x_wconf 91' lang='lat' dir='ltr'><strong>ubi</strong></span> <span class='ocrx_word' id='word_1_143' title='bbox 631 2234 730 2300; x_wconf 88' lang='lat' dir='ltr'><strong>quarta</strong></span> <span class='ocrx_word' id='word_1_144' title='bbox 747 2229 822 2282; x_wconf 90' lang='lat' dir='ltr'><strong>sitim</strong></span> <span class='ocrx_word' id='word_1_145' title='bbox 840 2228 908 2281; x_wconf 84' lang='lat' dir='ltr'><strong>caeli</strong></span> <span class='ocrx_word' id='word_1_146' title='bbox 926 2229 1068 2297; x_wconf 74' lang='lat' dir='ltr'><strong>collegerit</strong></span> <span class='ocrx_word' id='word_1_147' title='bbox 1084 2228 1152 2284; x_wconf 86' lang='lat' dir='ltr'><strong>hora</strong></span> 
     </span>
     <span class='ocr_line' id='line_1_23' title="bbox 470 2304 1169 2377; baseline -0.001 -18"><span class='ocrx_word' id='word_1_148' title='bbox 470 2305 508 2360; x_wconf 85' lang='lat' dir='ltr'><strong>Et</strong></span> <span class='ocrx_word' id='word_1_149' title='bbox 525 2311 607 2362; x_wconf 87' lang='lat' dir='ltr'><strong>cantu</strong></span> <span class='ocrx_word' id='word_1_150' title='bbox 625 2307 757 2377; x_wconf 89' lang='lat' dir='ltr'><strong>querulae</strong></span> <span class='ocrx_word' id='word_1_151' title='bbox 774 2307 904 2374; x_wconf 88' lang='lat' dir='ltr'><strong>rumpent</strong></span> <span class='ocrx_word' id='word_1_152' title='bbox 921 2304 1035 2359; x_wconf 90' lang='lat' dir='ltr'><strong>arbusta</strong></span> <span class='ocrx_word' id='word_1_153' title='bbox 1052 2306 1169 2373; x_wconf 83' lang='lat' dir='ltr'><strong>cicadae,</strong></span> 
     </span>
     <span class='ocr_line' id='line_1_24' title="bbox 471 2381 1169 2451; baseline 0.001 -16"><span class='ocrx_word' id='word_1_154' title='bbox 471 2383 518 2435; x_wconf 83' lang='lat' dir='ltr'><strong>Ad</strong></span> <span class='ocrx_word' id='word_1_155' title='bbox 536 2386 634 2451; x_wconf 86' lang='lat' dir='ltr'><strong>puteos</strong></span> <span class='ocrx_word' id='word_1_156' title='bbox 652 2386 701 2436; x_wconf 89' lang='lat' dir='ltr'><strong>aut</strong></span> <span class='ocrx_word' id='word_1_157' title='bbox 717 2383 774 2437; x_wconf 84' lang='lat' dir='ltr'><strong>alta</strong></span> <span class='ocrx_word' id='word_1_158' title='bbox 790 2397 890 2449; x_wconf 70' lang='lat' dir='ltr'><strong>greges</strong></span> <span class='ocrx_word' id='word_1_159' title='bbox 908 2381 945 2434; x_wconf 91' lang='lat' dir='ltr'><strong>ad</strong></span> <span class='ocrx_word' id='word_1_160' title='bbox 963 2384 1061 2450; x_wconf 68' lang='lat' dir='ltr'><strong>stagna</strong></span> <span class='ocrx_word' id='word_1_161' title='bbox 1077 2381 1169 2436; x_wconf 84' lang='lat' dir='ltr'><strong>iubeto</strong></span> 
     </span>
     <span class='ocr_line' id='line_1_25' title="bbox 470 2457 1329 2527; baseline 0.001 -15"><span class='ocrx_word' id='word_1_162' title='bbox 470 2458 634 2513; x_wconf 83' lang='lat' dir='ltr'><strong>Currentem</strong></span> <span class='ocrx_word' id='word_1_163' title='bbox 650 2458 742 2527; x_wconf 89' lang='lat' dir='ltr'><strong>ilignis</strong></span> <span class='ocrx_word' id='word_1_164' title='bbox 758 2461 854 2527; x_wconf 84' lang='lat' dir='ltr'><strong>potare</strong></span> <span class='ocrx_word' id='word_1_165' title='bbox 872 2457 1012 2512; x_wconf 86' lang='lat' dir='ltr'><strong>canalibus</strong></span> <span class='ocrx_word' id='word_1_166' title='bbox 1029 2458 1146 2524; x_wconf 89' lang='lat' dir='ltr'><strong>undam;</strong></span> <span class='ocrx_word' id='word_1_167' title='bbox 1223 2513 1225 2518; x_wconf 68' lang='grc'><strong><em>,</em></strong></span> <span class='ocrx_word' id='word_1_168' title='bbox 1290 2474 1329 2513; x_wconf 82' lang='lat' dir='ltr'><strong>aao</strong></span> 
     </span>
     <span class='ocr_line' id='line_1_26' title="bbox 470 2532 1226 2604; baseline 0.001 -17"><span class='ocrx_word' id='word_1_169' title='bbox 470 2534 602 2588; x_wconf 82' lang='lat' dir='ltr'><strong>Aestibus</strong></span> <span class='ocrx_word' id='word_1_170' title='bbox 619 2538 649 2589; x_wconf 88' lang='lat' dir='ltr'><strong>at</strong></span> <span class='ocrx_word' id='word_1_171' title='bbox 665 2534 764 2588; x_wconf 87' lang='lat' dir='ltr'><strong>mediis</strong></span> <span class='ocrx_word' id='word_1_172' title='bbox 781 2533 938 2588; x_wconf 90' lang='lat' dir='ltr'><strong>umbrosam</strong></span> <span class='ocrx_word' id='word_1_173' title='bbox 957 2535 1103 2604; x_wconf 89' lang='lat' dir='ltr'><strong>exquirere</strong></span> <span class='ocrx_word' id='word_1_174' title='bbox 1119 2532 1226 2602; x_wconf 83' lang='lat' dir='ltr'><strong>vallem,</strong></span> 
     </span>
     <span class='ocr_line' id='line_1_27' title="bbox 470 2610 1150 2680; baseline 0 -16"><span class='ocrx_word' id='word_1_175' title='bbox 470 2610 561 2664; x_wconf 83' lang='lat' dir='ltr'><strong>Sicubi</strong></span> <span class='ocrx_word' id='word_1_176' title='bbox 578 2626 677 2679; x_wconf 87' lang='lat' dir='ltr'><strong>magna</strong></span> <span class='ocrx_word' id='word_1_177' title='bbox 695 2610 769 2664; x_wconf 85' lang='lat' dir='ltr'><strong>Iovis</strong></span> <span class='ocrx_word' id='word_1_178' title='bbox 786 2611 901 2680; x_wconf 89' lang='lat' dir='ltr'><strong>antiquo</strong></span> <span class='ocrx_word' id='word_1_179' title='bbox 918 2611 1017 2665; x_wconf 88' lang='lat' dir='ltr'><strong>robore</strong></span> <span class='ocrx_word' id='word_1_180' title='bbox 1034 2627 1150 2680; x_wconf 87' lang='lat' dir='ltr'><strong>quercus</strong></span> 
     </span>
     <span class='ocr_line' id='line_1_28' title="bbox 470 2686 1116 2755; baseline 0.002 -16"><span class='ocrx_word' id='word_1_181' title='bbox 470 2687 594 2755; x_wconf 85' lang='lat' dir='ltr'><strong>Ingentis</strong></span> <span class='ocrx_word' id='word_1_182' title='bbox 612 2686 709 2741; x_wconf 86' lang='lat' dir='ltr'><strong>tendat</strong></span> <span class='ocrx_word' id='word_1_183' title='bbox 726 2703 823 2755; x_wconf 87' lang='lat' dir='ltr'><strong>ramos,</strong></span> <span class='ocrx_word' id='word_1_184' title='bbox 841 2690 890 2741; x_wconf 87' lang='lat' dir='ltr'><strong>aut</strong></span> <span class='ocrx_word' id='word_1_185' title='bbox 908 2687 993 2741; x_wconf 88' lang='lat' dir='ltr'><strong>sicubi</strong></span> <span class='ocrx_word' id='word_1_186' title='bbox 1009 2688 1116 2755; x_wconf 85' lang='lat' dir='ltr'><strong>nigrum</strong></span> 
     </span>
     <span class='ocr_line' id='line_1_29' title="bbox 470 2762 1170 2829; baseline 0.003 -14"><span class='ocrx_word' id='word_1_187' title='bbox 470 2763 582 2817; x_wconf 90' lang='lat' dir='ltr'><strong>Ilicibus</strong></span> <span class='ocrx_word' id='word_1_188' title='bbox 598 2763 702 2817; x_wconf 81' lang='lat' dir='ltr'><strong>crebris</strong></span> <span class='ocrx_word' id='word_1_189' title='bbox 719 2780 797 2817; x_wconf 84' lang='lat' dir='ltr'><strong>sacra</strong></span> <span class='ocrx_word' id='word_1_190' title='bbox 813 2781 910 2818; x_wconf 88' lang='lat' dir='ltr'><strong>nemus</strong></span> <span class='ocrx_word' id='word_1_191' title='bbox 927 2763 1042 2818; x_wconf 79' lang='lat' dir='ltr'><strong>accubet</strong></span> <span class='ocrx_word' id='word_1_192' title='bbox 1059 2762 1170 2829; x_wconf 87' lang='lat' dir='ltr'><strong>umbra;</strong></span> 
     </span>
     <span class='ocr_line' id='line_1_30' title="bbox 469 2839 1328 2911; baseline 0.006 -19"><span class='ocrx_word' id='word_1_193' title='bbox 469 2839 538 2894; x_wconf 81' lang='lat' dir='ltr'><strong>Tum</strong></span> <span class='ocrx_word' id='word_1_194' title='bbox 555 2839 645 2893; x_wconf 85' lang='lat' dir='ltr'><strong>tenuis</strong></span> <span class='ocrx_word' id='word_1_195' title='bbox 663 2840 729 2894; x_wconf 88' lang='lat' dir='ltr'><strong>dare</strong></span> <span class='ocrx_word' id='word_1_196' title='bbox 747 2857 841 2894; x_wconf 86' lang='lat' dir='ltr'><strong>rursus</strong></span> <span class='ocrx_word' id='word_1_197' title='bbox 859 2858 953 2911; x_wconf 91' lang='lat' dir='ltr'><strong>aquas,</strong></span> <span class='ocrx_word' id='word_1_198' title='bbox 973 2843 1002 2894; x_wconf 85' lang='lat' dir='ltr'><strong>et</strong></span> <span class='ocrx_word' id='word_1_199' title='bbox 1019 2856 1132 2909; x_wconf 77' lang='lat' dir='ltr'><strong>pascere</strong></span> <span class='ocrx_word' id='word_1_200' title='bbox 1149 2857 1246 2896; x_wconf 82' lang='lat' dir='ltr'><strong>rursus</strong></span> <span class='ocrx_word' id='word_1_201' title='bbox 1290 2857 1328 2897; x_wconf 82' lang='lat' dir='ltr'><strong>aas</strong></span> 
     </span>
     <span class='ocr_line' id='line_1_31' title="bbox 468 2914 1151 2985; baseline 0.001 -17"><span class='ocrx_word' id='word_1_202' title='bbox 468 2914 539 2969; x_wconf 81' lang='lat' dir='ltr'><strong>Solis</strong></span> <span class='ocrx_word' id='word_1_203' title='bbox 556 2916 593 2969; x_wconf 93' lang='lat' dir='ltr'><strong>ad</strong></span> <span class='ocrx_word' id='word_1_204' title='bbox 610 2932 741 2984; x_wconf 81' lang='lat' dir='ltr'><strong>occasum,</strong></span> <span class='ocrx_word' id='word_1_205' title='bbox 759 2933 820 2971; x_wconf 90' lang='lat' dir='ltr'><strong>cum</strong></span> <span class='ocrx_word' id='word_1_206' title='bbox 839 2917 954 2985; x_wconf 82' lang='lat' dir='ltr'><strong>frigidus</strong></span> <span class='ocrx_word' id='word_1_207' title='bbox 972 2933 1036 2970; x_wconf 86' lang='lat' dir='ltr'><strong>aera</strong></span> <span class='ocrx_word' id='word_1_208' title='bbox 1053 2932 1151 2985; x_wconf 86' lang='lat' dir='ltr'><strong>vesper</strong></span> 
     </span>
     <span class='ocr_line' id='line_1_32' title="bbox 468 2990 1169 3061; baseline 0.001 -17"><span class='ocrx_word' id='word_1_209' title='bbox 468 2990 622 3061; x_wconf 77' lang='lat' dir='ltr'><strong>Temperat,</strong></span> <span class='ocrx_word' id='word_1_210' title='bbox 641 2995 670 3046; x_wconf 84' lang='lat' dir='ltr'><strong>et</strong></span> <span class='ocrx_word' id='word_1_211' title='bbox 688 2993 774 3047; x_wconf 84' lang='lat' dir='ltr'><strong>saltus</strong></span> <span class='ocrx_word' id='word_1_212' title='bbox 791 2994 881 3048; x_wconf 85' lang='lat' dir='ltr'><strong>reficit</strong></span> <span class='ocrx_word' id='word_1_213' title='bbox 898 2993 954 3048; x_wconf 87' lang='lat' dir='ltr'><strong>iam</strong></span> <span class='ocrx_word' id='word_1_214' title='bbox 972 2993 1080 3047; x_wconf 91' lang='lat' dir='ltr'><strong>roscida</strong></span> <span class='ocrx_word' id='word_1_215' title='bbox 1097 2992 1169 3061; x_wconf 87' lang='lat' dir='ltr'><strong>luna,</strong></span> 
     </span>
     <span class='ocr_line' id='line_1_33' title="bbox 467 3067 1211 3138; baseline 0.003 -17"><span class='ocrx_word' id='word_1_216' title='bbox 467 3067 616 3137; x_wconf 87' lang='lat' dir='ltr'><strong>Litoraque</strong></span> <span class='ocrx_word' id='word_1_217' title='bbox 634 3069 761 3137; x_wconf 83' lang='lat' dir='ltr'><strong>alcyoneo</strong></span> <span class='ocrx_word' id='word_1_218' title='bbox 780 3073 918 3138; x_wconf 88' lang='lat' dir='ltr'><strong>resonant,</strong></span> <span class='ocrx_word' id='word_1_219' title='bbox 936 3070 1109 3124; x_wconf 87' lang='lat' dir='ltr'><strong>acalanthida</strong></span> <span class='ocrx_word' id='word_1_220' title='bbox 1126 3069 1211 3123; x_wconf 74' lang='lat' dir='ltr'><strong>dunii.</strong></span> 
     </span>
    </p>

    <p class='ocr_par' dir='ltr' id='par_1_5' title="bbox 461 3144 1327 3524">
     <span class='ocr_line' id='line_1_34' title="bbox 503 3144 1219 3216; baseline 0.003 -18"><span class='ocrx_word' id='word_1_221' title='bbox 503 3145 576 3210; x_wconf 85' lang='lat' dir='ltr'><strong>Quid</strong></span> <span class='ocrx_word' id='word_1_222' title='bbox 594 3144 645 3198; x_wconf 92' lang='lat' dir='ltr'><strong>tibi</strong></span> <span class='ocrx_word' id='word_1_223' title='bbox 663 3149 787 3214; x_wconf 87' lang='lat' dir='ltr'><strong>pastores</strong></span> <span class='ocrx_word' id='word_1_224' title='bbox 807 3147 916 3215; x_wconf 83' lang='lat' dir='ltr'><strong>Libyae,</strong></span> <span class='ocrx_word' id='word_1_225' title='bbox 935 3147 1004 3215; x_wconf 91' lang='lat' dir='ltr'><strong>quid</strong></span> <span class='ocrx_word' id='word_1_226' title='bbox 1020 3162 1120 3216; x_wconf 88' lang='lat' dir='ltr'><strong>pascua</strong></span> <span class='ocrx_word' id='word_1_227' title='bbox 1137 3162 1219 3200; x_wconf 79' lang='lat' dir='ltr'><strong>versu</strong></span> 
     </span>
     <span class='ocr_line' id='line_1_35' title="bbox 467 3220 1327 3294; baseline 0.005 -21"><span class='ocrx_word' id='word_1_228' title='bbox 467 3220 629 3290; x_wconf 82' lang='lat' dir='ltr'><strong>Prosequor,</strong></span> <span class='ocrx_word' id='word_1_229' title='bbox 648 3224 677 3275; x_wconf 89' lang='lat' dir='ltr'><strong>et</strong></span> <span class='ocrx_word' id='word_1_230' title='bbox 695 3224 765 3277; x_wconf 84' lang='lat' dir='ltr'><strong>raris</strong></span> <span class='ocrx_word' id='word_1_231' title='bbox 782 3223 909 3278; x_wconf 87' lang='lat' dir='ltr'><strong>habitata</strong></span> <span class='ocrx_word' id='word_1_232' title='bbox 925 3224 1045 3294; x_wconf 87' lang='lat' dir='ltr'><strong>mapalia</strong></span> <span class='ocrx_word' id='word_1_233' title='bbox 1063 3222 1160 3277; x_wconf 84' lang='lat' dir='ltr'><strong>tectisl</strong></span> <span class='ocrx_word' id='word_1_234' title='bbox 1290 3229 1327 3282; x_wconf 71' lang='lat' dir='ltr'><strong>so&#39;o</strong></span> 
     </span>
     <span class='ocr_line' id='line_1_36' title="bbox 467 3297 1289 3371; baseline 0.007 -20"><span class='ocrx_word' id='word_1_235' title='bbox 467 3297 554 3367; x_wconf 87' lang='lat' dir='ltr'><strong>Saepe</strong></span> <span class='ocrx_word' id='word_1_236' title='bbox 572 3298 645 3352; x_wconf 88' lang='lat' dir='ltr'><strong>diem</strong></span> <span class='ocrx_word' id='word_1_237' title='bbox 663 3304 826 3371; x_wconf 88' lang='lat' dir='ltr'><strong>noctemque</strong></span> <span class='ocrx_word' id='word_1_238' title='bbox 844 3304 873 3355; x_wconf 81' lang='lat' dir='ltr'><strong>at</strong></span> <span class='ocrx_word' id='word_1_239' title='bbox 891 3303 979 3354; x_wconf 87' lang='lat' dir='ltr'><strong>totum</strong></span> <span class='ocrx_word' id='word_1_240' title='bbox 998 3318 1032 3354; x_wconf 84' lang='lat' dir='ltr'><strong>ex</strong></span> <span class='ocrx_word' id='word_1_241' title='bbox 1051 3299 1147 3353; x_wconf 87' lang='lat' dir='ltr'><strong>ordine</strong></span> <span class='ocrx_word' id='word_1_242' title='bbox 1165 3314 1289 3357; x_wconf 85' lang='lat' dir='ltr'><strong>mensem</strong></span> 
     </span>
     <span class='ocr_line' id='line_1_37' title="bbox 468 3374 1219 3446; baseline 0.003 -19"><span class='ocrx_word' id='word_1_243' title='bbox 468 3374 593 3429; x_wconf 88' lang='lat' dir='ltr'><strong>Pascitur</strong></span> <span class='ocrx_word' id='word_1_244' title='bbox 609 3377 688 3445; x_wconf 88' lang='lat' dir='ltr'><strong>itque</strong></span> <span class='ocrx_word' id='word_1_245' title='bbox 705 3395 788 3446; x_wconf 88' lang='lat' dir='ltr'><strong>pecus</strong></span> <span class='ocrx_word' id='word_1_246' title='bbox 805 3378 887 3446; x_wconf 85' lang='lat' dir='ltr'><strong>longa</strong></span> <span class='ocrx_word' id='word_1_247' title='bbox 904 3377 933 3429; x_wconf 90' lang='lat' dir='ltr'><strong>in</strong></span> <span class='ocrx_word' id='word_1_248' title='bbox 951 3377 1062 3431; x_wconf 88' lang='lat' dir='ltr'><strong>deserta</strong></span> <span class='ocrx_word' id='word_1_249' title='bbox 1080 3376 1138 3429; x_wconf 84' lang='lat' dir='ltr'><strong>aine</strong></span> <span class='ocrx_word' id='word_1_250' title='bbox 1155 3374 1219 3429; x_wconf 86' lang='lat' dir='ltr'><strong>ullis</strong></span> 
     </span>
     <span class='ocr_line' id='line_1_38' title="bbox 461 3450 1189 3524; baseline 0.005 -24"><span class='ocrx_word' id='word_1_251' title='bbox 461 3450 614 3518; x_wconf 57' lang='lat' dir='ltr'><strong>Hospitii:</strong></span> <span class='ocrx_word' id='word_1_252' title='bbox 633 3457 739 3508; x_wconf 85' lang='lat' dir='ltr'><strong>tantum</strong></span> <span class='ocrx_word' id='word_1_253' title='bbox 758 3454 848 3524; x_wconf 90' lang='lat' dir='ltr'><strong>campi</strong></span> <span class='ocrx_word' id='word_1_254' title='bbox 865 3454 945 3508; x_wconf 81' lang='lat' dir='ltr'><strong>iacet.</strong></span> <span class='ocrx_word' id='word_1_255' title='bbox 980 3454 1079 3507; x_wconf 90' lang='lat' dir='ltr'><strong>Omnia</strong></span> <span class='ocrx_word' id='word_1_256' title='bbox 1097 3468 1189 3505; x_wconf 89' lang='lat' dir='ltr'><strong>secum</strong></span> 
     </span>
    </p>

    <p class='ocr_par' dir='ltr' id='par_1_6' title="bbox 418 3525 1317 3681">
     <span class='ocr_line' id='line_1_39' title="bbox 442 3525 1190 3603; baseline 0.001 -27"><span class='ocrx_word' id='word_1_257' title='bbox 442 3525 648 3583; x_wconf 66' lang='lat' dir='ltr'><strong>amentarius</strong></span> <span class='ocrx_word' id='word_1_258' title='bbox 668 3532 743 3586; x_wconf 83' lang='lat' dir='ltr'><strong>Aser</strong></span> <span class='ocrx_word' id='word_1_259' title='bbox 762 3533 830 3603; x_wconf 90' lang='lat' dir='ltr'><strong>agit,</strong></span> <span class='ocrx_word' id='word_1_260' title='bbox 850 3534 1017 3601; x_wconf 83' lang='lat' dir='ltr'><strong>tectumque</strong></span> <span class='ocrx_word' id='word_1_261' title='bbox 1031 3530 1190 3592; x_wconf 65' lang='lat' dir='ltr'><strong>Laremque</strong></span> 
     </span>
     <span class='ocr_line' id='line_1_40' title="bbox 418 3593 1317 3681; baseline -0.004 -13"><span class='ocrx_word' id='word_1_262' title='bbox 418 3593 586 3672; x_wconf 57' lang='grc' dir='ltr'><em>ΨΜΨΙΘ</em></span> <span class='ocrx_word' id='word_1_263' title='bbox 605 3608 869 3681; x_wconf 80' lang='lat' dir='ltr'><strong>Amyclaeumque</strong></span> <span class='ocrx_word' id='word_1_264' title='bbox 887 3625 990 3665; x_wconf 83' lang='lat' dir='ltr'><strong>canem</strong></span> <span class='ocrx_word' id='word_1_265' title='bbox 1009 3606 1199 3666; x_wconf 56' lang='lat' dir='ltr'><strong>Cressamque</strong></span> <span class='ocrx_word' id='word_1_266' title='bbox 1212 3604 1317 3664; x_wconf 50' lang='lat' dir='ltr'><strong>blm*</strong></span> 
     </span>
    </p>
   </div>
   <div class='ocr_carea' id='block_1_3' title="bbox 0 0 1738 4367">
    <p class='ocr_par' dir='ltr' id='par_1_7' title="bbox 0 0 1738 4367">
     <span class='ocr_line' id='line_1_41' title="bbox 0 0 1738 4367; baseline 0 3"><span class='ocrx_word' id='word_1_267' title='bbox 0 0 1738 4367; x_wconf 95' lang='lat' dir='ltr'><strong> </strong></span> 
     </span>
    </p>
   </div>
  </div>
 </body>
</html>
