3467 4367
698 638 886 688 AENEIDOS
902 638 972 688 LIB.
990 636 1071 687 VIII.
1264 636 1311 685 241

462 718 564 773 Fertur
580 737 659 789 aqua,
677 720 822 790 segnisque
840 720 960 773 secundo
978 718 1077 773 defluit
1094 716 1176 785 amni,

461 796 565 850 Nuntia
582 800 699 851 ventura
717 796 837 850 Ascanio
854 812 1002 863 rerumque
1020 794 1170 864 patrisque.
1273 806 1311 848 tto

461 870 569 925 Dantur
586 874 650 941 equi
667 872 778 926 Teucris
796 872 935 940 Tyrrhena
951 869 1111 939 petentibus
1128 884 1208 935 arva3

461 946 572 1002 Ducunt
589 951 726 1001 exsortem
745 949 865 1014 Aeneae,
883 963 966 1014 quem
982 946 1057 999 fulva
1073 945 1160 999 leonis
1260 993 1262 1000 χ

462 1023 545 1077 Pollis
562 1023 622 1078 obit
638 1028 736 1091 totum,
754 1023 929 1092 praefulgens
946 1021 1084 1091 unguibus
1101 1022 1199 1075 aureis.

496 1099 581 1153 Fama
598 1100 672 1154 volat
688 1116 801 1169 parvam
819 1099 911 1153 subito
928 1098 1038 1167 volgata
1054 1114 1105 1167 per
1121 1097 1227 1166 urbem,

460 1176 543 1248 Ocius
560 1177 601 1230 ire
619 1177 726 1245 equites
744 1175 878 1245 Tyrrheni
895 1174 933 1228 ad
949 1174 1030 1228 litora
1048 1173 1129 1243 regis.
1273 1187 1310 1227 ste

464 1252 536 1305 Vota
551 1257 629 1308 metu
646 1253 789 1323 duplicant
806 1255 917 1319 matres,
935 1251 1103 1320 propiusque
1120 1248 1223 1319 periclo

462 1327 492 1382 It
507 1330 597 1397 timor,
615 1333 645 1385 et
661 1331 748 1384 maior
765 1329 865 1384 Martis
882 1329 936 1381 iam
954 1327 1070 1396 adparet
1086 1326 1183 1394 imago.

461 1404 530 1459 'lunt
547 1411 628 1475 pater
644 1406 790 1460 Euandrus
808 1406 936 1459 dextram
953 1403 1101 1472 conplexus
1119 1400 1210 1457 euntis

462 1482 575 1550 Haeret,
592 1482 747 1551 inexpletus
763 1481 915 1548 lacrimans,
933 1496 965 1533 ac
982 1480 1049 1534 talia
1065 1479 1156 1535 fatur:

461 1556 485 1610 0
502 1558 569 1610 mihi
586 1557 749 1627 praeteritos
766 1558 870 1611 referat
888 1556 912 1609 si
930 1555 1057 1624 Iuppiter
1074 1570 1165 1623 annos,
1272 1570 1310 1608 eoo

461 1632 556 1696 Qualis
575 1650 658 1696 eram,
675 1650 738 1687 cum
754 1633 873 1702 primam
891 1632 979 1686 aciem
997 1630 1148 1685 Praeneste
1165 1628 1216 1685 sub
1234 1630 1296 1699 ipsa

461 1707 551 1762 Stravi
570 1713 763 1778 scutorumque
780 1708 890 1763 incendi
907 1708 993 1762 vietor
1011 1723 1129 1775 acervos,

461 1784 609 1854 arrogem
626 1786 677 1839 hac
695 1785 809 1839 Erulum
828 1784 928 1839 dextra
946 1783 996 1837 sub
1014 1784 1130 1838 Tartara
1146 1782 1216 1852 misi,

461 1860 592 1915 Nascenti
609 1861 653 1915 cui
671 1861 722 1915 tris
740 1862 845 1915 animas
863 1859 980 1914 Feronia
996 1863 1122 1915 mater-
1203 1900 1205 1904 .

461 1936 639 1990 Horrendum
651 1937 888 2005 dictu-dederat,
904 1941 985 1990 terna
1001 1952 1077 1989 arma
1094 1935 1242 2002 movenda3
1272 1952 1308 1991 eoo

461 2011 514 2064 'Fer
530 2012 586 2066 leto
604 2013 768 2065 sternendus
785 2016 860 2077 erat;
878 2011 922 2065 cui
939 2013 999 2064 tum
1016 2014 1110 2065 tamen
1124 2010 1215 2064 omnis

462 2087 588 2141 Abstulit
605 2087 672 2141 haee
689 2088 794 2141 animas
811 2087 918 2155 dextra,
936 2090 965 2140 et
982 2087 1099 2141 totidem
1117 2086 1194 2139 exuit
1210 2086 1308 2142 armis:

461 2163 487 2215 N
489 2179 523 2215 on
542 2179 593 2229 ego
610 2179 682 2216 nuuc
701 2162 774 2216 dulci
792 2162 920 2230 amplexu
937 2161 1084 2231 divellerer
1101 2176 1224 2229 usquam,

462 2238 543 2304 Nate,
560 2242 623 2302 tuo;
640 2254 730 2307 neque
747 2237 864 2295 finitimo
882 2236 1035 2289 Mezentius
1051 2252 1182 2304 umquam
1201 2277 1204 2283 .

463 2313 536 2366 Huic
553 2313 637 2381 capiti
654 2312 789 2365 insultans
807 2315 849 2366 tot
866 2312 939 2365 ferro
957 2327 1038 2365 saeva
1056 2310 1180 2365 dedisset
1272 2326 1310 2366 tto

462 2388 580 2454 Funera,
598 2392 656 2442 tam
673 2388 768 2442 multis
783 2387 924 2441 viduasset
941 2385 1045 2440 civibus
1062 2385 1167 2441 urbem.

463 2466 504 2518 At
521 2480 577 2531 vos,
594 2481 611 2517 o
629 2464 728 2533 superi,
747 2466 776 2518 et
793 2463 885 2517 divom
902 2466 934 2517 tu
951 2478 1078 2516 maxume
1094 2466 1187 2517 rector

463 2540 597 2609 Iuppiter,
617 2540 737 2609 Arcadii,
755 2556 864 2609 quaeso,
882 2539 1051 2594 miserescite
1069 2539 1150 2609 regis,

462 2616 499 2671 Ilt
516 2616 620 2685 patrias
637 2616 733 2671 audite
749 2632 857 2686 preces:
877 2615 906 2669 Si
924 2615 1035 2668 numina
1052 2619 1145 2671 vestra

463 2692 629 2746 ineolumem
649 2692 773 2746 Pallanta
790 2691 865 2759 mihi,
882 2692 905 2745 si
922 2692 981 2745 fata
997 2695 1146 2761 reservant,
1272 2707 1310 2749 ote

462 2768 491 2823 Si
508 2769 615 2822 visurus
633 2786 695 2824 eum
712 2767 774 2822 vivo
792 2771 821 2822 et
832 2771 970 2822 ¹venturus
988 2767 1016 2820 in
1034 2784 1131 2822 unum:

462 2846 557 2899 Vitam
575 2861 637 2909 oro;
654 2844 745 2914 patior
763 2844 888 2913 quemvis
905 2843 1004 2896 durare
1021 2842 1151 2897 laborem.

461 2921 509 2975 sin
526 2920 645 2989 aliquem
662 2919 805 2973 infandum
823 2935 925 2987 casum,
943 2918 1073 2985 Fortuna,
1091 2918 1214 2976 minaris:

461 2997 548 3063 Nunc,
565 3013 636 3050 nune
653 3013 670 3050 o
687 2996 770 3050 liceat
787 2995 926 3050 crudelem
944 2993 1108 3062 abrumpere
1125 2995 1217 3066 vitam,

460 3073 534 3128 Dum
552 3089 633 3127 curae
651 3071 804 3141 ambiguae,
822 3072 889 3126 dum
907 3086 969 3138 spes
987 3070 1092 3124 incerta
1109 3072 1203 3143 futuri,
1272 3090 1311 3130 too

391 3186 399 3203 .
461 3148 534 3201 Dum
552 3152 590 3217 te,
608 3165 671 3203 care
689 3166 764 3218 puer,
781 3164 844 3203 mea
861 3146 920 3200 sola
937 3149 966 3200 et
983 3163 1045 3200 sera
1062 3147 1194 3216 voluptas,

462 3224 602 3294 Conplexu
619 3229 715 3291 teneo;
732 3226 841 3294 gravior
858 3240 913 3278 neu
929 3223 1043 3277 nuntius
1060 3224 1134 3277 auris

384 3346 389 3353 .
463 3300 604 3356 Volneret.
641 3303 719 3356 Haec
735 3302 846 3370 genitor
861 3300 989 3369 digressu
1007 3299 1082 3353 dicta
1099 3316 1226 3369 supremo

462 3375 624 3442 Fundebat;
640 3378 734 3431 famuli
752 3379 909 3447 conlapsum
927 3377 956 3431 in
973 3380 1049 3432 tecta
1065 3376 1199 3433 ferebant

498 3451 612 3520 lamque
630 3454 700 3507 adeo
718 3454 826 3509 exierat
843 3454 932 3524 portis
950 3454 1092 3523 equitatus
1109 3453 1230 3520 apertus,
1276 3469 1322 3501 aaa

464 3527 573 3579 Aeneas
590 3528 664 3581 inter
679 3528 784 3598 primos
801 3534 833 3587 et
849 3530 928 3585 fidus
949 3530 1089 3595 Achates,

455 3601 527 3654 Inde
544 3603 591 3656 alii
612 3604 711 3662 Troiae
727 3625 882 3679 proceres,
897 3609 965 3681 ipsc
983 3607 1106 3675 agmine
1117 3596 1231 3680 Folio&
1289 3652 1298 3665 ,
1332 3661 1340 3672 ,

444 3676 480 3727 In
497 3680 603 3751 medio,
623 3683 782 3756 chlamyde
799 3692 835 3747 et
853 3687 951 3761 pictis
966 3680 1158 3751 coutffiffi
1171 3682 1212 3719 m
1226 3661 1330 3712 m
