3467 4367
439 623 470 669 62
674 625 879 678 P..VERGIL1
898 625 1031 675 MARON
1034 627 1067 675 IS

436 704 629 778 Continuoque
646 725 745 779 greges
763 707 834 760 villis
852 708 914 776 lege
932 708 1060 762 mollibus
1076 710 1160 764 albos

436 780 520 836 Illum
538 789 638 854 autem,
658 785 783 855 quamvis
801 785 873 840 aries
892 785 929 839 sit
947 786 1081 839 candidus
1099 786 1168 857 ipse,

435 858 524 927 Nigra
542 861 638 916 subest
655 862 711 915 udo
729 865 838 914 tantum
856 861 900 914 cui
918 862 1012 929 lingua
1029 862 1130 931 palato,

436 935 536 1006 Reiice,
555 955 589 992 ne
607 939 721 992 maculis
740 938 859 991 infuscet
877 938 980 991 vellera
998 938 1081 1007 quillis

435 1011 612 1083 Nascentum,
631 1015 766 1083 plenoque
785 1015 868 1067 alium
887 1014 1067 1083 circumspice
1085 1032 1191 1085 campo.
1249 1022 1299 1073 'ses

435 1088 551 1143 Munere
569 1090 607 1143 sic
624 1092 703 1144 niveo
721 1090 806 1155 lanae,
825 1090 847 1142 si
864 1089 980 1143 credere
999 1090 1113 1157 dignum
1132 1096 1184 1161 est,

436 1164 494 1218 Pan
512 1166 582 1219 deus
601 1166 738 1221 Arcadiae
757 1170 866 1233 captam
885 1168 923 1232 te,
943 1166 1029 1235 huna,
1048 1167 1155 1236 fefellit,

438 1242 469 1294 ln
487 1258 599 1296 nemora
616 1244 673 1297 alta
691 1260 806 1307 vocans;
823 1259 874 1296 nec
891 1245 923 1295 tu
942 1246 1090 1311 aspernata
1107 1249 1261 1301 vocantem.

470 1324 511 1372 nt
528 1319 572 1372 cui
589 1320 667 1374 lactis
686 1338 768 1386 amor,
786 1319 902 1389 cytisum
920 1319 1047 1387 lotosque
1065 1321 1220 1390 frequentis

436 1394 501 1461 lpse
518 1412 600 1449 manu
619 1397 759 1466 salsasque
778 1396 850 1449 ferat
867 1396 1047 1464 praesepibus
1065 1396 1173 1451 herbas.
1261 1415 1299 1454 aee

436 1470 508 1524 Hinc
526 1476 555 1525 et
573 1477 666 1527 amant
684 1474 780 1526 fluvios
798 1472 893 1540 magis,
910 1475 939 1525 et
956 1472 1044 1539 magis
1062 1473 1150 1538 ubera
1166 1474 1299 1538 tendunt,

435 1546 472 1599 llt
490 1548 553 1601 salis
571 1549 707 1603 occultum
725 1550 851 1602 referunt
868 1549 896 1600 in
915 1548 986 1601 lacte
1005 1565 1143 1616 saporem.

435 1622 517 1677 Multi
535 1625 589 1678 iam
607 1630 733 1679 excretos
751 1625 900 1694 prohibent
917 1641 934 1678 a
951 1625 1087 1678 matribus
1106 1625 1220 1697 haedos,
1252 1661 1254 1665 -

438 1700 583 1769 Primaque
602 1702 712 1755 ferratis
731 1702 887 1769 praefigunt
906 1718 955 1755 ora
973 1702 1107 1769 capistris.
1159 1725 1179 1746 ‚-

436 1776 517 1839 Quod
533 1782 664 1845 surgente
682 1779 728 1832 die
746 1778 867 1831 mulsere
885 1777 1015 1845 horisque
1033 1777 1147 1847 diurnis,
1261 1796 1299 1836 seo

436 1854 525 1907 Nocte
542 1858 685 1922 premunt;
704 1854 779 1923 quod
797 1854 852 1907 iam
871 1853 995 1907 tenebris
1013 1857 1043 1907 et
1061 1854 1118 1907 sole
1139 1855 1265 1922 cadente,

436 1930 492 1983 Sub
511 1931 598 1984 lucem
617 1935 765 2000 exportant
784 1930 899 1984 calathis
919 1929 988 1996 (adit
1006 1929 1107 1998 oppida
1124 1933 1239 2000 pastor),

435 2008 496 2080 dut
513 2024 595 2075 parco
612 2008 669 2062 sale
687 2006 851 2075 contingunt
870 2005 1009 2073 hiemique
1027 2011 1170 2074 reponunt.

470 2083 496 2136 N
498 2100 528 2137 ec
547 2084 598 2137 tibi
616 2101 681 2138 cura
699 2100 797 2137 canum
815 2083 901 2136 fuerit
918 2086 1065 2149 postrema,
1085 2082 1135 2137 sed
1152 2100 1208 2139 una

437 2159 544 2214 Velocis
562 2161 678 2229 Spartae
696 2160 799 2214 catulos
818 2173 965 2226 acremque
983 2157 1132 2212 Molossum
1261 2178 1298 2216 405

438 2236 521 2291 Pasce
539 2254 600 2291 sero
617 2236 720 2306 pingui
756 2236 915 2303 Numquam
934 2233 1095 2287 custodibus
1113 2234 1167 2287 illis

436 2311 607 2367 Nocturnum
625 2312 741 2367 stabulis
759 2313 847 2365 furem
865 2311 1045 2378 incursusque
1064 2310 1198 2381 luporum,

438 2392 495 2443 Aut
512 2389 651 2458 inpacatos
670 2406 686 2443 a
704 2392 784 2456 tergo
802 2386 930 2441 horrebis
950 2386 1078 2439 Hiberos.

436 2465 523 2534 Saepe
541 2466 623 2519 etiam
642 2482 724 2520 cursu
743 2463 855 2518 timidos
873 2462 992 2531 agitabis
1011 2480 1134 2530 onagros,

437 2541 473 2594 llt
490 2541 602 2595 canibus
620 2542 750 2609 leporem,
769 2540 883 2594 canibus
902 2538 1037 2593 venabere
1056 2539 1194 2607 dammas;
1262 2557 1300 2597 41⁰

436 2617 523 2686 Saepe
541 2617 690 2671 volutabris
707 2618 800 2684 pulsos
819 2615 991 2669 silvestribus
1008 2632 1089 2684 apros

436 2692 550 2747 Latratu
569 2692 695 2747 turbabis
713 2709 804 2761 agens,
823 2692 981 2759 montisque
998 2708 1048 2760 per
1065 2692 1136 2745 altos

437 2768 583 2836 Ingentem
600 2770 719 2824 clamore
737 2786 847 2838 premes
866 2768 903 2822 ad
921 2768 993 2821 retia
1010 2784 1127 2821 cervum.

471 2846 553 2901 Disce
569 2851 599 2900 et
617 2846 761 2900 odoratam
780 2846 895 2900 stabulis
915 2845 1064 2898 accendere
1082 2843 1204 2912 cedrum,

436 2921 631 2991 Galbaneoque
649 2922 755 2990 agitare
773 2922 864 2990 gravis
883 2920 980 2974 nidore
999 2919 1147 2988 chelydros.
1261 2938 1299 2976 sis

436 2997 523 3066 Saepe
540 2999 591 3052 sub
609 2999 720 3053 inmotis
737 2998 919 3068 praesepibus
939 3000 988 3051 aut
1005 2996 1077 3049 mala
1094 3000 1172 3050 tactu
1282 3059 1288 3067 =

438 3074 539 3142 Vipera
557 3074 668 3129 delituit
686 3076 848 3145 caelumque
867 3074 1002 3128 exterrita
1020 3073 1098 3141 fugit,

437 3151 496 3204 Aut
513 3153 587 3205 tecto
605 3153 736 3207 adsuetus
755 3151 867 3206 coluber
887 3150 1034 3205 succedere
1052 3154 1081 3203 et
1098 3148 1222 3218 umbrae,

437 3226 526 3281 Pestis
543 3228 641 3283 acerba
658 3229 750 3299 boum,
768 3230 915 3299 pecorique
935 3227 1102 3296 adspergere
1120 3225 1202 3293 virus,

438 3302 518 3358 Novit
534 3305 655 3361 humum.
697 3307 771 3375 (lape
790 3323 856 3360 saxa
875 3322 963 3369 manu
982 3321 1049 3372 cape
1067 3301 1175 3369 robora,
1192 3305 1298 3371 pastor,

437 3378 642 3452 ToNentemque
662 3385 749 3437 minas
769 3387 798 3437 et
817 3382 897 3435 sibila
915 3381 984 3435 colla
1001 3383 1155 3434 tumentem
1261 3395 1298 3432 421
1341 3420 1343 3428 .

432 3455 534 3510 Deiice.
570 3460 690 3530 lamque
703 3461 770 3529 fuga
788 3458 918 3513 timidum
935 3461 1019 3527 eaput
1036 3455 1144 3513 abdidit
1162 3456 1226 3522 alte,

416 3527 487 3582 Cum
505 3537 599 3590 medii
614 3555 708 3593 nexus
728 3543 937 3608 extremaeque
955 3535 1070 3605 agrem
1086 3532 1193 3584 aebbae

393 3597 565 3680 Solvuntur,
588 3615 756 3687 tardosque
774 3618 872 3674 trahit
891 3616 975 3671 sinus
993 3610 1118 3664 mermes
1133 3602 1222 3683 ornis:

374 3667 436 3728 Met
456 3682 553 3739 etiam
574 3690 627 3746 ille
649 3695 754 3753 malus
776 3694 925 3754 Calabris
944 3692 977 3746 in
997 3684 1128 3743 saltibus
1143 3688 1257 3737 anam,
1314 3681 1343 3716 Ψ

364 3727 374 3802 l
