3467 4367
692 629 875 679 AENEIDOS
897 629 966 678 LlB.
990 630 1043 679 ΙΙΙ.
1252 630 1295 681 137

444 712 529 767 Haud
546 726 631 777 mora,
648 709 776 763 continuo
793 709 925 779 perfectis
942 709 1038 763 ordine
1056 708 1134 775 votis,

442 789 553 878 Corma
569 786 721 840 velatarum
739 785 908 839 obvertimus
927 790 1116 852 antennarum,

442 865 682 932 Grmugenumque
695 861 790 915 domos
802 866 984 931 suspectaque
996 863 1142 940 linquimus
1154 874 1226 917 arva
1260 874 1313 915 eto·

442 942 515 995 Hinc
533 940 608 993 sinus
629 937 765 1004 Herculei,
785 938 808 991 si
825 954 891 991 vera
910 942 953 991 est
969 939 1053 1003 fama,
1068 939 1180 993 Tarenti

442 1018 584 1080 Cernitur3
603 1014 705 1068 attollit
725 1029 754 1066 se
773 1013 837 1066 diva
856 1013 967 1066 lacinia
985 1018 1085 1080 contra,

442 1092 624 1159 Caulonisque
642 1106 718 1142 arces
737 1092 766 1142 et
784 1088 955 1158 navifragum
974 1091 1137 1159 Scylaceum.

442 1170 511 1222 Tum
528 1166 622 1237 procul
641 1183 657 1219 e
675 1165 760 1219 fluctu
779 1166 919 1220 Trinacria
937 1167 1059 1220 cernitur
1077 1169 1175 1237 Aetna,

441 1246 479 1300 te
496 1244 628 1313 gemitum
647 1243 788 1309 ingentem
808 1242 898 1310 pelagi
917 1242 1081 1311 pulsataque
1099 1259 1164 1297 saxa
1261 1259 1298 1299 me
1365 1278 1369 1285 ·

444 1320 580 1375 Audimus
598 1318 678 1387 longe
696 1318 853 1386 fractasque
873 1318 908 1371 ad
926 1318 1008 1372 litora
1025 1333 1112 1385 voces,

445 1397 644 1463 Exsultantque
662 1394 739 1461 vada,
757 1398 842 1462 atquc
860 1397 939 1447 aestu
956 1394 1103 1447 miscentur
1120 1411 1226 1449 arenae.

442 1473 479 1527 llt
496 1478 576 1541 pater
597 1470 742 1525 Anchises:
765 1471 902 1524 Nimirum
922 1471 989 1523 haec
1006 1470 1053 1523 illa
1071 1469 1236 1540 Charybdis:

443 1551 503 1604 Hos
523 1549 645 1602 Helenus
663 1547 792 1614 scopulos,
811 1546 879 1599 haec
896 1562 962 1599 saxa
979 1546 1116 1601 horrenda
1132 1547 1255 1604 canebat

445 1626 555 1695 Eripite,
574 1641 590 1677 o
607 1624 678 1689 socii,
696 1623 856 1692 pariterque
874 1623 1007 1691 insurgite
1024 1626 1114 1680 remis.
1260 1642 1297 1681 ooo
1322 1643 1325 1648 ·

445 1701 529 1755 Haud
546 1701 635 1753 minus
653 1716 684 1753 ac
701 1699 897 1767 iussi-faciunt,
918 1701 1077 1771 primusque
1095 1703 1241 1758 rudentem

443 1778 582 1832 Contorsit
598 1777 690 1830 laevas
707 1793 816 1844 proram
837 1776 980 1831 Palinurus
998 1779 1033 1831 ad
1051 1780 1154 1847 undas3

442 1854 561 1909 Laevam
580 1857 679 1907 cuncta
696 1852 793 1906 cohors
811 1853 894 1906 remis
914 1856 1056 1922 ventisque
1074 1857 1180 1925 petivit.

442 1932 572 1985 Tollimur
590 1931 618 1983 in
637 1930 741 1982 caelum
762 1933 874 1983 curvato
892 1930 1009 1999 gurgite,
1027 1936 1056 1986 et
1074 1933 1147 1987 i'dem

443 2007 583 2063 Subducta
601 2006 637 2059 ad
655 2005 743 2058 Manis
761 2005 830 2058 imos
848 2005 1005 2059 desedimus
1023 2008 1103 2063 unda.
1260 2024 1297 2064 ooo
1377 2023 1379 2027 '

443 2085 496 2138 l'er
514 2083 616 2151 scopuli
634 2082 781 2135 clamorem
798 2082 871 2135 inter
890 2099 955 2136 cava
974 2100 1039 2137 saxa
1057 2084 1173 2141 dedere:
1224 2118 1229 2128 .

404 2189 412 2206 ·
443 2161 497 2214 'ler
514 2175 637 2228 spuerem
657 2157 750 2212 elisam
770 2161 799 2211 et
817 2158 938 2211 rorantia
957 2159 1073 2214 vidimus
1091 2166 1173 2215 astra.

444 2237 556 2291 Interea
572 2237 658 2289 fessos
675 2238 773 2287 ventus
792 2250 853 2286 cum
873 2234 929 2286 sole
946 2235 1065 2303 reliquit,

444 2313 592 2382 Ignarique
609 2312 668 2365 viae
687 2310 832 2378 Cyclopum
849 2308 1003 2363 adlabimur
1021 2312 1082 2365 oris.

479 2390 578 2443 Portus
591 2388 625 2442 ab
638 2403 747 2441 accessu
759 2389 903 2439 ventorum
915 2386 1035 2441 inmotus
1047 2393 1075 2443 et
1087 2391 1182 2459 ingens
1259 2406 1297 2447 ero

432 2459 522 2535 &lpse
541 2464 591 2519 sed
608 2463 741 2517 horrificis
759 2462 836 2516 iuxta
854 2466 932 2517 tonat
953 2465 1045 2518 Aetna
1062 2467 1155 2534 ruinis,

444 2542 644 2609 Interdumque
661 2544 750 2593 atram
768 2540 922 2608 prorumpit
940 2540 975 2593 ad
993 2541 1106 2596 aethera
1123 2543 1232 2614 nubem,

443 2618 562 2673 'l'urbine
580 2618 731 2670 fumantem
749 2616 826 2684 piceo
844 2621 874 2669 et
892 2617 1026 2671 candente
1044 2618 1141 2686 favilla,

445 2694 612 2763 Attollitque
630 2692 725 2761 globos
743 2693 912 2746 flammarum
931 2696 961 2747 et
978 2694 1070 2747 sidem
1086 2695 1197 2762 lambit,

443 2771 589 2825 Interdum
608 2770 733 2838 scopulos
750 2770 896 2837 avolsaque
914 2770 1018 2824 viscera
1035 2772 1136 2825 montis
1260 2788 1296 2826 ers

392 2881 414 2921 0
443 2848 533 2915 llm'git
552 2849 686 2911 eructans,
704 2846 906 2915 liquefactaque
925 2863 991 2899 saxa
1009 2846 1059 2899 sub
1077 2864 1157 2902 auras

443 2925 513 2979 Cum
531 2923 638 2992 gemitu
655 2923 796 2991 glomerat,
816 2922 957 2992 fundoque
975 2927 1118 2977 exaestuat
1136 2924 1198 2979 imo.

411 3024 428 3041 ν’
442 2998 530 3054 flama
547 3003 592 3056 est
611 2999 741 3053 Enceladi
760 2998 921 3051 semiustum
940 2999 1053 3052 fulmine
1071 3017 1169 3070 corpus

445 3078 564 3145 Urguem'
583 3077 653 3131 mole
671 3076 729 3144 hac,
748 3076 942 3144 ingentemque
958 3075 1070 3145 insuper
1089 3080 1209 3132 Aetnam

447 3154 597 3222 lnpositam
614 3153 704 3222 ruptis
722 3153 859 3205 flammam
879 3153 1019 3222 exspirare
1037 3154 1163 3219 caminis;
1260 3170 1297 3209 eso

446 3231 482 3284 tt
500 3230 602 3283 fessum
621 3231 747 3299 quotiens
764 3232 855 3283 mutet
873 3228 952 3295 latus,
971 3230 1119 3284 intremere
1137 3247 1244 3284 omnem

445 3307 588 3360 llurnrure
606 3307 778 3373 Trinacriam,
797 3309 826 3359 et
844 3305 949 3360 eaelum
969 3305 1115 3360 subtexere
1133 3306 1215 3360 fumo.

445 3382 562 3436 Noctem
580 3383 654 3435 illam
673 3383 739 3435 tecti
758 3382 832 3436 silvis
850 3382 969 3435 inmania
986 3387 1108 3438 monstra

448 3459 619 3525 Perferimus,
637 3475 694 3524 nec,
714 3474 784 3528 quae
803 3461 925 3513 sonitum
943 3459 996 3514 det
1013 3476 1125 3524 caussa,
1136 3458 1282 3509 sidensis.

440 3535 512 3588 Nam
524 3552 615 3607 neque
627 3540 707 3592 erant
719 3542 862 3595 astrorum
874 3534 1162 3611 ignesneetueuus
1171 3528 1285 3581 assum
1303 3530 1351 3566 W*

429 3610 545 3666 Siderea
562 3614 656 3684 polus,
676 3616 801 3675 obscuro
822 3619 880 3676 sed
898 3618 1005 3677 nubila
1024 3614 1124 3678 caelo,

367 3747 407 3766 ᾗ
418 3683 456 3736 Et
476 3686 586 3745 Lunam
605 3692 636 3748 in
658 3695 761 3753 nimbo
779 3709 843 3757 nox
862 3697 1066 3769 intempesta
1080 3680 1230 3745 tenenat·
