3467 4367
704 632 888 682 AENEIDOS
905 633 975 684 LIB.
996 634 1049 682 III.
1259 632 1305 681 133

453 715 537 783 Signa
554 714 604 769 tibi
622 714 727 781 ‹licam3
746 718 779 769 tu
796 714 907 769 condita
924 717 1017 770 mente
1035 718 1144 769 teneto:

452 791 520 845 Cum
539 790 589 845 tibi
607 790 723 845 sollicito
740 790 840 845 secreti
858 791 895 845 ad
912 791 1032 845 fluminis
1048 790 1151 845 undam

451 867 568 922 Litoreis
585 868 683 935 ingens
699 867 811 922 inventa
829 868 881 921 sub
898 867 1005 922 ilicibus
1023 883 1069 921 sus
1271 883 1307 923 aso

451 944 576 1012 Triginta
593 943 714 1013 capitum
731 944 805 998 fetus
823 944 904 997 enim
921 943 1029 1011 iacebit,

450 1020 533 1087 Alba,
553 1020 610 1074 solo
629 1020 769 1088 recubans,
788 1020 844 1074 albi
862 1020 964 1073 circum
981 1020 1068 1074 ubera
1085 1021 1151 1088 nati,

450 1097 481 1151 Is
498 1097 572 1150 locus
590 1095 666 1150 urbis
685 1095 746 1164 erit,
763 1095 874 1164 requies
892 1112 925 1150 ea
942 1098 1019 1149 certa
1036 1095 1167 1151 laborum

449 1173 476 1227 N
478 1190 509 1227 oe
526 1177 559 1227 tu
576 1190 732 1227 mensarum
750 1189 857 1226 morsus
874 1172 1002 1226 horresce
1020 1173 1139 1227 futuros:

449 1249 520 1303 Fata
539 1250 611 1303 viam
629 1249 769 1302 invenient
786 1248 934 1317 aderitque
951 1251 1063 1302 vocatus
1082 1248 1189 1317 Apollo.
1273 1261 1308 1300 sos

449 1325 510 1379 Has
529 1328 622 1379 autem
640 1328 739 1391 terras,
760 1324 880 1394 Italique
898 1324 968 1378 hano
986 1323 1075 1377 litoris
1092 1340 1174 1392 oram,

449 1402 587 1455 Proxuma
605 1417 676 1469 quae
693 1400 780 1454 nostri
799 1400 974 1469 perfunditur
992 1400 1118 1468 aequoris
1134 1403 1220 1466 aestu

448 1478 561 1546 Effuge;
579 1481 677 1531 cuncta
695 1477 775 1531 malis
792 1477 955 1531 habitantur
972 1476 1080 1530 moenia
1098 1476 1195 1531 Graiis.

450 1554 504 1607 Hic
522 1556 551 1607 et
569 1553 679 1621 Narycii
697 1556 849 1621 posuerunt
867 1552 975 1606 moenia
993 1552 1080 1619 Locri,

449 1631 487 1684 Et
504 1630 667 1683 Sallentinos
686 1628 795 1682 obsedit
813 1630 902 1683 milite
920 1646 1029 1697 campos
1056 1625 1060 1632 '
1271 1643 1308 1683 ooo

449 1706 559 1774 Lyctius
578 1705 759 1770 Idomeneus;
779 1705 823 1759 hie
840 1705 888 1759 illa
906 1706 981 1759 ducis
999 1706 1127 1761 Meliboei
1162 1733 1171 1749 ·-

450 1781 539 1835 Parra
559 1781 729 1836 Philoctetae
747 1781 864 1835 subnixa
883 1782 989 1836 Petelia
1006 1799 1091 1837 muro.

449 1857 529 1925 Quin,
547 1857 594 1910 ubi
613 1858 788 1913 transmissae
807 1858 938 1913 steterint
955 1861 1032 1912 trans
1050 1875 1170 1928 aequora
1187 1862 1287 1914 classes

449 1934 486 1987 Et
503 1934 599 2002 positis
617 1934 672 1989 aris
690 1934 745 1988 iam
762 1939 828 1990 vota
845 1936 875 1988 in
892 1935 974 1989 litore
992 1935 1087 2004 solves,

450 2009 592 2078 Purpureo
610 2010 701 2063 volare
719 2028 810 2065 comas
827 2012 978 2080 adopertus
996 2011 1105 2080 amictu,
1272 2025 1308 2067 ros

449 2086 493 2139 Ne
512 2102 566 2154 qua
584 2085 659 2139 inter
676 2090 785 2141 sanctos
803 2088 875 2155 ignis
893 2088 921 2140 in
939 2087 1041 2140 honore
1060 2088 1173 2141 deorum

450 2161 566 2215 Hostilis
584 2163 668 2215 iacies
686 2167 810 2217 occurrat
827 2166 858 2217 ct
876 2164 967 2216 omina
984 2162 1087 2217 turbet.

450 2238 533 2292 Hunc
551 2238 616 2291 socii
634 2254 739 2291 morem
756 2255 904 2305 sacrorum,
923 2238 995 2291 huno
1013 2238 1071 2305 ipsc
1090 2241 1196 2291 teneto:

451 2315 511 2368 Hac
530 2314 597 2367 casti
616 2317 745 2368 maneant
762 2315 789 2367 in
807 2315 939 2381 religione
956 2316 1078 2381 nepotes.

450 2391 505 2444 Ast
523 2390 570 2442 ubi
589 2390 744 2457 digressum
763 2390 869 2445 Siculae
886 2393 916 2444 te
934 2388 1088 2443 admoverit
1105 2406 1169 2444 orae
1272 2406 1308 2446 ιιι

450 2468 558 2520 Ventus
577 2470 605 2521 et
623 2466 733 2534 angusti
751 2470 891 2520 rarescent
909 2466 1028 2520 claustra
1047 2466 1144 2534 Pelori,

451 2544 541 2598 Laeva
559 2543 608 2597 tibi
627 2543 709 2596 tellus
728 2547 758 2597 et
774 2543 855 2611 longo
874 2543 951 2597 laeva
967 2547 1097 2613 petantur

452 2621 581 2688 Aequora
598 2619 731 2686 circuitu;
750 2620 880 2674 dextrum
897 2621 962 2688 fuge
980 2620 1045 2675 litus
1063 2625 1093 2676 et
1110 2624 1203 2677 undas.

452 2696 530 2750 Haec
546 2695 604 2750 loca
621 2696 648 2768 vj
667 2697 806 2765 quondam
824 2700 853 2750 ct
871 2701 949 2751 vasta
967 2698 1092 2751 convolsa
1109 2698 1222 2751 ruina—

451 2774 567 2827 Tantum
585 2774 645 2826 aevi
663 2774 810 2843 longinqua
827 2774 902 2826 valet
920 2777 1028 2827 mutare
1046 2778 1204 2827 vetustas-
1272 2789 1309 2828 415

452 2848 608 2903 Dissiluisse
627 2850 727 2918 lerunt,
745 2867 807 2904 cum
824 2849 950 2918 protinus
968 2853 1085 2916 utraque
1102 2850 1185 2903 tellus

438 2926 516 2979 ''Una
533 2926 618 2991 foret3
637 2928 712 2981 venit
730 2927 822 2992 medio
839 2926 866 2979 vi
885 2931 986 2994 pontus
1004 2928 1033 2979 et
1050 2925 1132 2978 undis

454 3001 619 3070 Hesperium
638 3003 729 3057 Siculo
747 3004 820 3057 latus
838 3003 964 3068 abscidit
983 3018 1103 3070 arvaque
1121 3003 1150 3054 et
1167 3001 1249 3054 urbes

454 3078 548 3132 Litore
566 3079 692 3134 diductas
710 3083 827 3148 angusto
844 3079 971 3133 interluit
989 3081 1074 3132 aestu.

454 3153 590 3207 Dextrum
609 3157 698 3224 Scylla
715 3158 796 3223 latus,
814 3157 922 3209 laevum
940 3155 1075 3222 inplacata
1094 3153 1245 3223 Charybdis
1275 3168 1310 3209 sao

455 3228 580 3295 0bsidet,
598 3235 682 3299 atque
700 3233 755 3286 imo
773 3232 898 3286 barathri
916 3236 960 3285 ter
977 3232 1088 3300 gurgite
1106 3234 1197 3283 vastos

455 3305 555 3360 Sorbet
572 3308 600 3360 in
618 3308 766 3377 abruptum
784 3310 890 3375 fluctus,
908 3325 1057 3377 rursusque
1076 3305 1126 3360 suh
1145 3310 1233 3357 aures‘

455 3382 545 3450 Erigit
562 3383 682 3437 alternos
701 3390 730 3439 et
749 3387 839 3439 sidera
857 3386 987 3439 verberat
1004 3384 1083 3438 unda.

456 3459 498 3512 At
515 3459 630 3528 Scyllam
648 3462 735 3514 caeeis
753 3462 863 3515 cohibet
882 3463 1014 3533 spelunca
1027 3460 1159 3525 latenas,

456 3534 511 3588 Ora
528 3540 713 3592 exsertantem
733 3542 763 3594 et
781 3540 862 3596 navis
880 3540 911 3596 in
931 3559 1003 3597 saxa
1019 3538 1201 3593 trahentem.
1317 3532 1358 3565 ³²³³

441 3608 536 3661 Prima
551 3610 671 3667 hominis
689 3616 779 3674 facies
799 3624 829 3676 ot
848 3620 976 3693 pulchro
994 3620 1125 3690 pectore
1139 3609 1231 3694 virge

429 3677 511 3735 Pflbv
530 3688 621 3755 lenus,
640 3697 797 3760 postrema
814 3699 936 3759 inmani
957 3711 1092 3768 corpore
1109 3686 1234 3758 mistis,
