3467 4367
469 646 502 690 68
700 641 730 689 Ρ,
748 639 902 688 VERGILI
921 640 1087 691 MARONIS

474 721 607 774 Pontibus
624 723 656 773 ut
673 717 777 773 crebris
794 718 900 787 possint
917 719 1067 774 consistere
1085 725 1115 775 et
1132 721 1191 776 alas

472 798 597 851 Pandere
616 796 652 849 ad
670 795 803 848 aestivum
821 794 914 862 solem,
933 795 956 848 si
974 795 1046 849 forte
1065 798 1196 851 morantis

471 873 608 943 Sparserit
625 875 674 925 aut
691 887 822 939 praeceps
841 870 971 938 Neptuno
988 872 1143 926 inmerserit
1161 873 1259 931 Eurus

471 950 548 1005 Haec
565 950 665 1002 circum
684 948 771 1001 casiae
790 946 892 999 virides
910 950 939 1000 et
958 948 1059 1001 olentia
1076 949 1132 1003 late

471 1026 593 1096 Scrpylla
611 1028 640 1078 et
657 1025 778 1092 graviter
797 1024 925 1092 spirantis
942 1026 1020 1093 copia
1037 1024 1180 1094 thymbrae

470 1104 588 1169 Floreat,
606 1102 799 1169 inriguumque
817 1098 917 1153 bibant
934 1101 1046 1154 violaria
1063 1102 1176 1157 fontem.

470 1182 536 1251 Ipsa
553 1185 653 1247 autem,
672 1196 720 1232 seu
739 1176 884 1231 corticibus
903 1176 954 1230 tibi
972 1182 1034 1231 suta
1051 1179 1161 1246 cavatis,

469 1260 523 1313 Seu
540 1259 615 1312 lento
632 1256 734 1310 fuerint
752 1253 869 1308 alvearia
887 1254 987 1308 vimine
1004 1257 1090 1322 tenta,

471 1336 610 1403 Angustos
628 1334 746 1387 habeant
765 1331 870 1385 aditus:
888 1347 950 1384 nam
968 1331 1069 1400 frigore
1087 1330 1168 1385 mella
1304 1351 1330 1391 ss

469 1411 549 1479 Cogit
566 1411 679 1478 hiemps,
698 1409 850 1478 eademque
867 1407 942 1461 calor
958 1408 1105 1476 liquefacta
1122 1408 1247 1464 remittit.

468 1487 595 1556 Utraque
613 1488 654 1540 vis
673 1486 769 1555 apibus
786 1485 891 1553 pariter
909 1484 1072 1549 metuenda3
1090 1500 1180 1552 neque
1196 1485 1262 1541 illae

469 1563 642 1633 Nequiquam
658 1564 687 1615 in
705 1562 785 1615 tectis
803 1561 929 1614 certatim
946 1561 1040 1614 tenuia
1057 1576 1121 1614 cera

468 1634 641 1709 Spiramen'ta
658 1639 754 1702 linunt,
773 1638 889 1705 lucoque
907 1640 937 1690 et
954 1636 1066 1690 floribus
1084 1654 1145 1690 oras

468 1716 595 1785 Explent,
613 1716 812 1783 collectumque
830 1713 897 1767 haec
914 1714 974 1783 ipsa
991 1713 1028 1766 ad
1045 1730 1159 1767 munera
1175 1714 1272 1783 gluten
1302 1734 1328 1773 sc

468 1794 505 1847 Et
522 1794 594 1847 visco
612 1796 641 1846 et
661 1791 795 1860 Phrygiae
814 1794 924 1845 servant
941 1791 1002 1859 pice
1019 1790 1120 1844 lentius
1139 1790 1216 1846 Idae.

468 1869 554 1937 Saepe
572 1869 656 1922 etiam
675 1868 786 1935 effossis,
805 1868 828 1920 si
846 1883 912 1921 vera
930 1870 973 1921 est
991 1867 1069 1935 fama,
1087 1867 1201 1922 latebris
1282 1897 1287 1906 ·

467 1945 523 1999 Sub
542 1948 617 1999 terra
633 1944 727 1998 fovere
745 1944 838 2008 larem,
855 1944 1020 2013 penitusque
1037 1948 1164 2012 repertae

468 2020 679 2089 Pumicibusque
696 2020 770 2073 cavis
787 2036 941 2088 exesaeque
959 2020 1065 2073 arboris
1082 2024 1170 2075 antro.

466 2098 507 2152 'lu
525 2102 616 2152 tamen
634 2100 664 2152 et
681 2097 733 2151 leri
751 2098 851 2151 rimosa
868 2096 967 2150 cubilia
984 2097 1047 2150 limo
1300 2116 1325 2156 ω

466 2175 564 2243 Ungue
581 2175 676 2229 fovens
693 2175 802 2242 circum,
820 2177 849 2228 et
866 2190 943 2227 raras
961 2174 1121 2243 superiniice
1137 2174 1257 2231 frondes

466 2251 528 2304 Neu
545 2252 656 2320 propius
674 2252 756 2305 tectis
773 2254 868 2305 taxum
888 2250 954 2318 sine,
971 2266 1040 2303 neve
1057 2250 1182 2305 rubentis

466 2327 523 2381 Ure
541 2329 601 2381 foco
619 2344 737 2393 cancros,
756 2327 829 2381 altae
846 2344 899 2381 neu
918 2325 1000 2380 crede
1017 2325 1116 2395 paludi,

467 2406 525 2458 Aut
542 2403 588 2457 ubi
607 2404 676 2457 odor
694 2404 770 2457 caeni
787 2404 886 2472 gravis,
904 2405 953 2456 aut
970 2402 1018 2456 ubi
1036 2419 1152 2457 concava
1169 2405 1251 2472 pulsu

466 2479 538 2533 Saxa
555 2482 653 2533 sonant
670 2480 799 2547 vocisque
817 2480 921 2533 offensa
938 2479 1054 2534 resultat
1070 2480 1166 2548 imago.
1298 2498 1324 2537 se

501 2556 579 2621 Quod
592 2558 724 2625 superest,
736 2555 783 2608 ubi
796 2555 901 2624 pulsam
914 2557 1031 2609 hiemem
1044 2557 1089 2610 Sol
1102 2573 1201 2612 aureus
1211 2559 1269 2627 egit

466 2631 523 2685 Sub
541 2635 629 2685 terras
648 2630 807 2699 caelumque
826 2633 930 2685 aestiva
947 2632 1007 2686 luce
1024 2633 1142 2701 reclusit,

467 2708 535 2762 Illae
552 2708 678 2762 continuo
697 2707 782 2761 saltus
800 2709 934 2777 silvasque
952 2713 1099 2777 peragrant

466 2784 675 2854 Purpureosque
693 2788 801 2839 metunt
819 2785 900 2839 flores
918 2789 948 2839 et
964 2785 1075 2839 flumina
1093 2786 1181 2842 libant

466 2862 577 2914 Summa
593 2862 674 2916 leves.
713 2861 787 2914 Hinc
804 2862 895 2915 nescio
914 2879 968 2931 qua
986 2862 1131 2917 dulcedine
1147 2864 1238 2919 laetae
1297 2879 1322 2918 ss

467 2938 627 3005 Progeniem
645 2938 777 3005 nidosque
795 2939 896 3005 fovent,
914 2938 976 2991 hinc
994 2941 1054 2992 arte
1071 2940 1189 2994 recentis

467 3014 612 3068 llxcudunt
630 3031 706 3068 ceras
725 3018 754 3068 et
772 3014 853 3068 mella
871 3015 977 3068 tenaria
996 3015 1108 3081 fingunt.

468 3090 538 3144 Hinc
555 3090 602 3144 ubi
619 3092 673 3146 iam
692 3094 819 3146 emissum
839 3092 928 3144 caveis
946 3090 981 3144 ad
1000 3091 1090 3145 sidera
1107 3092 1175 3145 caeli

466 3166 539 3221 Nare
557 3185 606 3236 per
624 3173 758 3224 aestatem
776 3169 909 3238 liquidam
928 3169 1082 3237 suspexeris
1100 3185 1197 3235 agmen

465 3242 670 3314 Obscuramque
688 3246 760 3300 trahi
778 3249 860 3299 rento
880 3244 1014 3298 mirabere
1031 3244 1138 3311 nubem,
1295 3262 1321 3303 oo

465 3319 683 3391 Contemplator:
704 3341 789 3393 aquas
808 3322 895 3375 dulcis
913 3326 943 3377 et
960 3322 1075 3375 frondea·
1092 3339 1201 3391 semper

465 3395 546 3450 Tecta
564 3403 671 3467 petunt.
707 3401 770 3453 Huc
787 3403 819 3453 tu
837 3400 924 3453 iussos
943 3399 1078 3468 adsperge
1096 3416 1213 3467 sapores,
1251 3467 1253 3474 Ι

461 3470 535 3525 Trito
552 3477 724 3546 melisphylla
743 3479 773 3529 et
791 3476 932 3531 cerinthae
949 3475 1067 3545 ignobile
1085 3493 1206 3543 gramen,

443 3544 629 3620 libertosque
647 3555 692 3608 cie
709 3559 741 3609 et
761 3555 865 3610 Matris
884 3559 973 3627 quate
990 3553 1117 3624 omnnia
1132 3553 1250 3605 circumi

423 3614 515 3705 ῙΡξαθ
531 3628 689 3686 consident
706 3635 865 3691 medicatis
885 3634 1017 3702 sedibus,
1031 3632 1115 3702 ipsae
1320 3635 1348 3673 ὓ

417 3685 520 3748 lunera
541 3718 628 3759 more
649 3725 704 3765 suo
727 3729 795 3770 seso
816 3715 850 3771 in
870 3712 1025 3772 cunabula
1043 3705 1183 3766 condent.
