3467 4367
675 642 857 692 AENEIDOS
874 642 942 693 LIB.
960 642 1024 693 VII.
1239 645 1285 692 219

428 724 537 793 Stipitis
553 724 598 777 hic
615 722 722 790 gravidi
739 723 833 788 nodis3
852 723 928 790 quod
946 722 1045 791 cuique
1063 724 1205 790 repertum
1321 746 1326 788 p

430 800 559 866 Rimanti,
577 798 663 853 telmn
680 799 825 852 irafacit.1
849 799 940 853 Vocat
958 798 1067 865 agmina
1084 797 1228 865 Tyrrheus,

430 875 620 940 Quadriiidam
640 890 772 943 quercmn
790 875 884 929 cuneis
902 879 934 929 ut
950 875 1023 927 forte
1040 873 1141 927 coactis

430 951 586 1019 Scindebat,
604 954 684 1019 rapta
701 950 808 1019 spirans
825 952 935 1004 inmane
954 950 1048 1003 securi.
1249 961 1288 1004 515

404 1055 408 1061 -
431 1030 471 1080 At
488 1042 603 1081 saevae
621 1027 737 1094 speculis
755 1029 864 1094 tempus
882 1026 935 1079 dea
952 1029 1032 1079 nacta
1049 1023 1164 1078 nocendi

433 1103 529 1156 Ardua
546 1105 622 1156 tecta
638 1103 714 1170 petit·
726 1102 835 1169 stabuli,
854 1105 884 1155 et
902 1102 938 1154 de
955 1101 1073 1155 culmine
1090 1116 1196 1155 summo
1298 1109 1301 1115 '

435 1180 497 1231 l'ast
498 1178 572 1231 orale
590 1178 665 1231 canit
682 1178 797 1246 signum,
815 1181 954 1246 cornuque
973 1193 1085 1231 recurvo

432 1255 590 1307 lartaream
606 1254 728 1307 intendit
745 1269 847 1321 vocem,
864 1270 920 1321 qua
936 1253 1061 1321 protinus
1079 1268 1159 1306 omne

432 1328 503 1380 Cont
491 1330 605 1383 tremuit
622 1345 717 1382 nemus
735 1333 764 1382 et
781 1329 889 1383 silvae
882 1344 1025 1382 insonuere
1042 1326 1210 1396 profundae3
1249 1341 1286 1381 515

432 1404 577 1457 Audiitet
565 1404 700 1459 tTriviae
717 1405 781 1472 long
764 1421 797 1458 se
814 1405 903 1470 lacus;
921 1404 1009 1458 audiit
1026 1403 1112 1456 amnis

432 1480 557 1533 Sulfurea
575 1481 633 1533 Nar
651 1480 729 1534 albus
746 1480 979 1549 squalentesque
997 1478 1095 1544 Velini,

432 1556 469 1609 Et
487 1557 612 1623 trepidae
629 1562 732 1611 matres
749 1573 874 1625 pressere
891 1557 928 1611 ad
944 1560 1059 1628 pectora
1075 1558 1160 1610 natos.

433 1632 502 1685 Tum
520 1649 584 1686 vero
602 1632 639 1686 ad
656 1650 750 1686 vocem
767 1634 878 1702 celeres,
897 1631 954 1701 qua'
968 1633 1067 1686 bucina
1084 1632 1191 1700 signum

433 1708 500 1761 Dira
517 1708 603 1775 dedit,
621 1710 709 1777 raptis
725 1713 889 1763 concurrunt
906 1708 1027 1777 undique
1044 1708 1108 1761 telis
1244 1723 1281 1764 sao

436 1783 568 1838 lndomiti
586 1784 736 1853 agricolae;
754 1802 875 1839 necnon
893 1788 923 1839 et
940 1784 1021 1839 Troia
1037 1783 1124 1852 pubes

437 1861 555 1913 Ascanio
573 1862 703 1915 auxilium
720 1862 817 1916 castris
834 1862 951 1916 effimdit
969 1861 1078 1929 apertis.

435 1936 567 1990 Direxere
584 1937 662 1991 acies.
697 1937 723 1990 N
725 1954 760 1990 on
777 1940 831 1991 iam
848 1938 999 1991 certamine
1017 1936 1128 2004 agresti,

436 2012 581 2080 Stipitibns
599 2012 676 2067 duris
693 2013 784 2081 agitur
802 2013 948 2067 sudibusve
965 2012 1108 2081 praeustis,
1332 2074 1336 2078 ,

436 2087 492 2141 Sed
509 2088 581 2141 ferro
600 2089 711 2156 ancipiti
730 2089 889 2156 decernunt,
906 2093 1022 2157 atraque
1040 2088 1096 2141 late
1248 2087 1285 2126 ⁵2⁵

440 2164 580 2216 Horrescit
598 2164 701 2216 strictis
719 2180 797 2230 seges
814 2164 933 2231 ensibus,
950 2179 1070 2231 aeraque
1087 2161 1193 2229 fulgent

438 2237 499 2291 Sole
516 2238 649 2305 lacessita,
667 2242 697 2292 et
713 2239 802 2292 lucem
820 2239 872 2292 sub
889 2239 982 2292 nubila
999 2238 1116 2292 iactant:

439 2312 549 2366 Fluctus
566 2314 607 2366 uti
623 2314 712 2381 primo
728 2314 819 2382 coepit
835 2330 897 2368 cum
915 2313 1053 2368 albescere
1070 2316 1160 2381 vento,

440 2388 572 2441 Paulatim
590 2405 650 2442 sese
667 2388 741 2443 tollit
757 2392 881 2465 marcet
898 2389 981 2443 altius
998 2390 1086 2444 undas
1110 2429 1113 2436 .

442 2464 535 2533 Erigit,
552 2464 618 2518 inde
635 2464 691 2517 imo
708 2466 848 2533 consurgit
864 2465 902 2519 ad
920 2465 1033 2520 aethera
1048 2466 1140 2520 fundo.
1181 2486 1188 2498 ·
1250 2480 1287 2521 seo

442 2541 493 2594 llic
509 2540 613 2593 iuvenis
630 2540 746 2609 primam
763 2546 827 2595 ante
844 2541 930 2595 aciem
948 2542 1083 2597 stridente
1102 2542 1209 2610 sagitta,

442 2617 571 2670 >latorum
589 2616 702 2683 Tyrrhei
719 2617 810 2671 fuerat
828 2618 876 2686 qui
893 2634 1044 2684 maxumus,
1063 2613 1151 2683 Almo,

439 2692 594 2757 iternitur3
612 2692 701 2747 haesit
718 2694 791 2746 enim
806 2694 861 2747 sub
878 2698 992 2762 gutture
1010 2694 1105 2748 volnus
1123 2698 1152 2749 et
1168 2694 1241 2748 udae

441 2768 520 2823 Vocis
536 2768 591 2822 iter
609 2771 774 2857 tenuemque
791 2770 901 2823 inclusit
918 2770 1048 2858 sanguine
1067 2771 1157 2824 vitam.

438 2846 559 2913 (lorpora
575 2841 662 2897 multa
679 2844 767 2898 virum
785 2845 864 2910 circa,
883 2846 1026 2975 seniorque
1044 2846 1183 2912 Galaesus,
1250 2860 1287 2901 535

439 2922 510 2974 Dum
527 2920 587 2988 paci
604 2920 724 2987 medium
742 2937 773 2975 se
790 2921 901 2986 offert·
893 2925 949 2975 rust
950 2922 1059 2976 issimus
1076 2938 1146 2976 unus

438 2996 490 3062 Qui
507 2997 560 3051 fuit
548 2984 762 3065 tAusoniisque
779 2997 844 3051 olim
862 2997 1013 3051 ditissimus
1030 2998 1116 3053 arvis:

438 3073 564 3142 anque
580 3089 678 3142 greges
695 3073 735 3126 illi
752 3072 900 3141 balantum,
919 3074 1003 3141 quina
1019 3074 1149 3130 redibant

439 3151 579 3217 Armenta,
598 3153 628 3204 et
645 3154 748 3204 terram
766 3154 877 3204 eentum
894 3149 1021 3204 vertebat
1039 3151 1143 3205 aratris

472 3226 567 3293 Atque
579 3242 612 3280 ea
622 3243 672 3295 per
683 3243 793 3295 campos
803 3243 891 3294 aequo
903 3226 969 3280 dum
981 3226 1072 3281 Marte
1083 3231 1224 3297 geruntur,
1252 3240 1288 3283 55)

440 3300 567 3355 Promissi
584 3302 637 3367 dea
653 3303 726 3357 iacta
742 3307 848 3372 potens,
866 3303 914 3357 ubi
931 3303 1061 3371 sanguine
1078 3302 1180 3358 bellum

440 3375 544 3430 imbuit
554 3373 590 3431 ¹et
606 3378 711 3445 primae
727 3378 863 3433 commisit
880 3379 977 3433 funera
993 3395 1108 3448 pugnae,

440 3451 549 3505 Deserit
567 3452 738 3521 Hesperiam,
755 3457 785 3507 et
802 3455 872 3508 caeli
888 3457 1024 3509 conuersa
1036 3470 1090 3521 per
1108 3466 1199 3505 auras

442 3529 567 3581 lunonem
587 3528 684 3588 victrix
702 3529 817 3586 adfatur
834 3548 906 3588 rece
925 3529 1070 3601 superba:
1163 3540 1167 3546 ’

425 3602 477 3668 lin
492 3602 621 3669 perfecta
639 3604 694 3661 tibi
713 3608 791 3665 bello
808 3608 964 3665 discordia
980 3604 1090 3665 tristi

416 3675 524 3794 Diqsin
543 3681 705 3741 amicitiam
722 3692 837 3745 coeant
858 3691 892 3745 et
911 3684 1047 3742 ioedera
1060 3664 1214 3737 inuam
