3467 4367
677 622 879 671 GEORGICON
900 621 970 670 LIB.
990 621 1044 683 Ιῌ.
1260 624 1288 671 61

436 707 463 761 N
465 723 500 761 on
517 722 596 761 secus
612 721 645 759 ac
661 704 759 774 patriis
776 720 840 757 acer
858 703 998 757 Romanus
1017 705 1045 758 in
1063 705 1148 759 armis

436 784 545 838 Iniuste
564 781 615 835 sub
634 781 707 835 fasce
718 780 797 850 ,viam
814 797 877 834 eum
894 780 992 850 carpit,
1011 777 1041 835 et
1057 780 1130 836 hosti
1211 830 1213 833 Α

437 860 513 913 Ante
531 862 720 927 exspectatum
738 856 836 926 positis
852 861 911 911 stat
928 859 956 911 in
974 859 1082 927 agmine
1100 860 1203 913 castris.

473 938 513 991 At
530 952 592 1002 non,
610 951 665 1003 qua
683 934 809 1008 Sgythiae
826 938 924 1002 gentes
943 935 1118 1005 Maeotiaque
1136 935 1217 1003 unda,

436 1010 623 1066 Turbiduset
640 1014 772 1078 torquens
791 1009 917 1063 flaventis
937 1011 1035 1066 Hister
1052 1028 1159 1080 arenas,
1255 1026 1291 1065 ase

437 1090 552 1158 Quaque
569 1087 644 1140 redit
662 1086 783 1140 medium
803 1087 937 1157 Rhodope
954 1094 1082 1157 porrecta
1099 1088 1150 1143 sub
1167 1104 1255 1143 axem.

437 1166 499 1220 Illic
516 1165 607 1218 clausa
625 1166 722 1217 tenent
740 1163 855 1217 stabulis
874 1170 1004 1232 armenta,
1022 1183 1072 1221 nec
1089 1166 1161 1220 ullae

437 1243 497 1296 Aut
514 1240 616 1295 herbae
633 1257 728 1309 campe
747 1240 882 1308 adparent
899 1245 948 1296 aut
965 1243 1063 1297 arbore
1079 1243 1199 1311 frondes,

436 1318 493 1373 Sed
510 1318 581 1371 iacet
598 1317 745 1386 aggeribus
763 1317 850 1372 niveis
867 1317 993 1372 informis
1010 1322 1040 1374 et
1056 1320 1113 1374 alto

436 1394 522 1448 'ferra
538 1395 602 1463 gelu
619 1393 684 1462 late,
702 1398 864 1463 septemque
883 1395 1008 1463 adsurgit
1025 1397 1053 1449 in
1070 1396 1155 1451 rdnas.
1254 1409 1291 1449 8⁵5

437 1471 552 1539 Semper
569 1472 682 1540 hiemps,
702 1487 810 1539 semper
828 1472 964 1540 spirantes
981 1472 1084 1541 frigora
1100 1472 1183 1526 cauri.

436 1548 506 1602 'ium
524 1548 563 1601 sel
582 1535 709 1616 pallentis
726 1547 800 1601 haud
817 1564 947 1616 umquam
966 1548 1080 1602 discutit
1096 1547 1214 1614 umbras,

436 1624 496 1679 Nec
513 1641 576 1679 curn
593 1625 716 1678 invectus
735 1624 813 1693 equis
830 1624 917 1678 altum
935 1625 1005 1693 petit
1023 1625 1142 1692 aethera,
1161 1640 1289 1678 neceam

437 1700 620 1769 Praecipitem
639 1701 740 1755 Oceani
758 1701 840 1754 rubro
859 1702 927 1755 lavit
943 1718 1062 1769 aequore
1079 1718 1196 1756 currum.

436 1778 622 1832 Concrescunt
639 1778 747 1831 subitae
765 1779 886 1832 currenti
905 1779 932 1832 in
952 1779 1063 1833 flumine
1081 1784 1196 1846 onustae,
1254 1792 1291 1833 sm

435 1854 573 1923 Unduque
591 1854 645 1907 iam
663 1859 742 1921 tergo
760 1855 878 1908 ferratos
897 1856 1015 1910 sustinet
1033 1857 1116 1924 orbis,

436 1930 578 2000 Puppibus
595 1931 644 1984 illa
660 1930 743 1999 prius,
761 1931 862 1999 patulis
880 1950 951 1986 nunc
968 1932 1077 2002 hospita
1093 1932 1238 2002 plaustris3

436 2008 567 2077 Aeraque
584 2007 722 2061 dissiliunt
740 2007 825 2075 volgo,
843 2012 991 2079 vestesque
1009 2012 1148 2079 rigescunt

436 2083 565 2151 Indutae,
583 2084 757 2151 caeduntque
776 2083 915 2138 securibus
932 2086 1045 2140 humida
1063 2087 1133 2154 vina,

435 2161 474 2215 lit
491 2163 568 2215 totae
585 2160 700 2214 solidam
717 2160 746 2212 in
763 2160 880 2227 glaciem
899 2165 1008 2217 vertere
1026 2164 1139 2217 lacunae
1255 2174 1292 2216 ate

435 2233 574 2307 Stiriaque
591 2236 697 2305 inpexis
714 2236 837 2290 induruit
855 2237 967 2291 horrida
983 2238 1082 2293 barbis.

437 2314 550 2369 Interea
567 2316 627 2391 toto
644 2329 698 2365 non
716 2312 803 2366 setius
821 2330 885 2367 aere
903 2315 1024 2382 ninguit:

437 2391 584 2447 Intereunt
601 2391 727 2461 pecudes,
747 2394 823 2443 stant
841 2391 1004 2446 circumfusa
1022 2394 1126 2461 pruinis

436 2468 557 2539 Corpora
573 2485 672 2536 magna
688 2467 779 2535 boum,
796 2467 973 2537 confertoque
990 2471 1097 2538 agmine
1113 2469 1187 2523 cervi

436 2546 557 2615 Torpent
568 2546 639 2599 mole
651 2561 721 2598 nova
732 2548 762 2598 et
774 2545 887 2598 summis
901 2546 945 2599 vix
958 2546 1083 2601 cornibus
1095 2549 1212 2600 exstant.
1256 2560 1293 2600 sao

437 2622 498 2676 Hos
516 2639 569 2676 non
586 2622 705 2675 inmissis
723 2622 842 2690 canibus,
860 2639 914 2677 non
932 2624 1053 2678 cassibus
1070 2624 1133 2677 ullis

437 2698 605 2753 Puniceaere
622 2699 730 2767 agitant
748 2699 860 2768 pavidos
879 2701 1023 2755 tormidine
1040 2717 1152 2769 pennae,

436 2774 493 2830 Sed
509 2776 613 2830 frustra
630 2776 785 2845 oppositum
804 2778 945 2830 trudentis
963 2782 1076 2848 pectore
1094 2780 1215 2829 mentem

436 2852 594 2907 Comminus
611 2853 778 2907 obtruncant
795 2854 875 2924 ferro,
894 2856 1072 2924 graviterque
1089 2851 1215 2907 rudentis

437 2930 571 2999 Caedunt,
589 2935 618 2985 et
635 2948 735 3000 magno
752 2931 817 2986 laeti
837 2933 955 2986 clamore
973 2933 1123 3001 reportant.
1258 2940 1295 2983 ste

438 3007 497 3077 Ipsi
515 3008 543 3061 in
561 3008 677 3062 defossis
696 3009 831 3078 specubus
850 3027 946 3064 secura
964 3009 1014 3061 snb
1033 3008 1090 3062 alta

437 3084 504 3139 Otia
520 3090 605 3155 agunt
622 3090 706 3154 terra,
725 3094 912 3158 congestaque
931 3087 1031 3140 robora
1050 3087 1179 3153 totasque

439 3164 595 3218 Adrolvere
612 3165 679 3219 focis
696 3166 784 3220 ulmos
804 3167 916 3235 ignique
934 3163 1044 3217 dedere.

440 3240 495 3305 Hic
511 3246 620 3295 noctem
636 3243 703 3298 iude
721 3245 833 3312 ducunt,
853 3248 882 3298 et
902 3241 1000 3313 pocula
1018 3239 1083 3294 laeti

441 3317 588 3373 Fermento
605 3326 690 3389 atque
708 3323 793 3376 acidis
812 3323 956 3375 imitantur
973 3317 1045 3370 vitea
1063 3313 1159 3368 sorbis.
1260 3324 1298 3364 sse

394 3433 396 3439 .
440 3394 514 3448 Talis
533 3396 713 3466 Hyperboreo
731 3401 844 3468 Septem
864 3398 988 3453 subiecta
1006 3392 1088 3446 trioni

441 3471 516 3525 Gens
533 3473 633 3528 effrena
652 3476 739 3530 virum
759 3476 887 3549 Rhipaeo
904 3474 1037 3533 tunditur
1052 3471 1144 3535 bure,

431 3546 471 3597 Εὐ
482 3548 620 3613 pecudum
641 3552 726 3610 fulvis
745 3556 860 3613 vetatur
881 3573 1005 3629 corpora
1024 3550 1127 3608 saet’ss·

453 3619 708 3687 estimandum
730 3652 827 3704 curae,
848 3638 986 3712 primurn
1005 3645 1122 3703 aspen
1137 3622 1230 3684 <tm-s
1280 3697 1289 3711 ,
1345 3674 1376 3712 ῃ

407 3690 582 3766 ΜΡΡΜῼΠΘ
603 3706 779 3785 tribelique,
801 3716 928 3787 absint3
945 3714 1025 3787 iuge
1043 3702 1168 3783 pom&
1178 3694 1297 3751 mm*
