3467 4367
466 654 513 701 304
669 649 698 698 Ρ.
717 645 871 696 VERGILI
888 642 1053 695 MARoNIS

466 729 618 801 Spumabat
634 729 716 799 ripis;
733 732 827 783 tantus
845 744 875 781 so
892 725 1011 780 nubibus
1026 726 1115 782 imber

466 808 599 877 Ruperat.
636 806 696 874 Ille,
714 805 810 858 innare
829 801 937 873 paiens,
956 801 1069 856 infantis
1087 819 1179 861 amore

465 883 609 950 Tardatm,
627 897 745 950 caroque
763 882 838 934 oneri
858 879 946 933 timet.
984 878 1082 933 Omnia
1101 896 1193 937 seeum
1285 900 1324 939 550

466 959 595 1013 Versanti
613 957 704 1011 subito
722 957 769 1011 rix
786 956 854 1010 haec
873 955 1012 1009 sententia
1030 955 1115 1011 sedit:

465 1036 560 1089 'l'olum
578 1035 694 1102 inmane,
713 1049 795 1086 manu
813 1032 904 1085 valida
923 1030 998 1099 quod
1016 1031 1088 1085 forte
1106 1032 1222 1101 gerebat

466 1112 594 1179 Bellator,
613 1109 730 1163 solidum
748 1108 828 1162 nodis
846 1112 876 1161 et
893 1106 992 1160 robore
1010 1110 1094 1175 coeto,

467 1188 538 1241 Huic
556 1191 656 1254 notam,
675 1185 746 1239 libro
764 1187 794 1239 et
812 1183 932 1238 silvestri
952 1182 1050 1236 subere
1069 1183 1197 1253 clausam,

466 1264 600 1333 implicat,
619 1266 703 1331 atque
720 1260 840 1315 habilem
852 1260 961 1314 mediae
974 1259 1144 1328 circumligat
1156 1261 1268 1331 hastae;
1285 1280 1324 1320 ste

465 1340 553 1404 Quam
571 1339 670 1393 dextra
688 1338 793 1405 ingenti
811 1336 915 1390 librans
933 1336 974 1389 ita
993 1336 1029 1388 ad
1049 1336 1162 1390 aethera
1180 1339 1269 1397 fatur:

465 1416 554 1483 Alma,
572 1415 624 1470 tibi
642 1414 718 1482 hauc,
736 1429 880 1467 nemorum
898 1412 1006 1479 cultrix,
1027 1413 1142 1467 Latonia
1161 1416 1248 1487 virgo,

467 1492 529 1560 lpse
547 1495 628 1561 pater
645 1491 775 1544 famulam
793 1506 889 1544 voveo:
914 1492 964 1542 tna
981 1489 1071 1557 prima
1088 1507 1238 1558 pensurus
1285 1561 1289 1566 .

465 1568 530 1621 Tela
547 1571 644 1622 tenens
662 1568 777 1637 supplex
795 1567 904 1619 hostem
922 1564 1001 1632 fugit
1044 1566 1154 1635 Aecipe,
1172 1571 1269 1637 testor,

465 1644 542 1712 Diva,
562 1648 645 1711 tuam,
665 1660 736 1711 quae
755 1659 827 1695 nunc
846 1641 938 1694 dubiis
956 1657 988 1694 oo
1047 1642 1139 1696 'ttitur
1155 1644 1239 1699 auris.
1286 1661 1324 1702 teo

465 1720 550 1785 Dixit,
569 1723 598 1773 ot
616 1719 737 1772 adducto
754 1721 910 1771 contortum
928 1716 1027 1771 hastile
1044 1717 1147 1773 lacerto

465 1795 600 1848 Inmittit:
620 1810 735 1847 sonuere
754 1794 859 1859 undae3
878 1793 1005 1862 rapidum
1025 1812 1106 1863 super
1123 1812 1233 1850 amnem

465 1870 565 1923 Infelix
584 1870 656 1937 fugit
673 1868 701 1922 in
719 1869 807 1923 iaculo
825 1868 962 1923 stridente
982 1869 1103 1924 Camilla

465 1949 506 2000 At
524 1944 661 2015 Metabus,
679 1962 778 2013 magna
795 1944 908 2015 propius
927 1944 982 1998 iam
1001 1951 1137 2015 urguente
1155 1953 1275 2022 caterva

464 2022 520 2077 Dat
539 2039 598 2077 sese
617 2021 707 2091 fluvio,
727 2025 810 2089 atque
828 2021 937 2075 hastam
956 2038 1017 2075 enm
1037 2022 1141 2091 virgine
1159 2025 1249 2082 vietor
1285 2041 1323 2083 tot

464 2099 611 2153 Gramineo
630 2097 732 2152 donum
751 2098 857 2151 Triviae
877 2096 912 2149 de
931 2098 1050 2167 caespite
1069 2099 1151 2155 vellit.

464 2175 526 2228 Non
544 2176 621 2228 illum
639 2174 721 2228 tectis
738 2175 817 2243 ullae,
832 2191 886 2227 nou
904 2173 1047 2228 moenibus
1065 2175 1148 2231 urbes

465 2252 612 2320 Accepere,
632 2267 722 2318 neque
739 2253 798 2319 ipse
817 2267 913 2305 manus
930 2251 1041 2305 feritate
1060 2252 1199 2311 dedisset:

466 2328 610 2382 Pastorum
628 2331 658 2381 et
676 2328 740 2381 solis
758 2327 852 2395 exegit
870 2325 1010 2380 montibus
1029 2345 1134 2384 aerum.
1176 2335 1179 2340 ’

466 2403 519 2458 Hic
536 2408 628 2458 natam
646 2404 674 2457 iu
693 2403 783 2456 dumis
800 2403 929 2473 interque
946 2402 1089 2459 horrentia
1105 2406 1195 2463 lustra
1284 2422 1323 2468 rso

464 2480 634 2534 Armentalis
653 2497 740 2548 equae
758 2480 884 2533 mammis
903 2481 932 2532 et
950 2478 1022 2533 lacte
1041 2480 1128 2536 ferino

465 2555 605 2624 Nutribat‚
623 2556 727 2609 toneris
745 2556 899 2624 inmulgcns
918 2553 1003 2609 ubero
1020 2556 1112 2612 labris.

465 2631 559 2700 thue
577 2632 679 2700 pedum
697 2632 792 2701 primis
809 2631 899 2685 infans
914 2631 1029 2700 vestigia
1045 2633 1146 2701 plantis

466 2708 617 2777 institerat,
637 2708 724 2761 iaculo
742 2708 847 2780 palmas
864 2707 981 2761 armavit
999 2713 1086 2778 acuto,

465 2783 629 2854 Spiculaque
642 2802 677 2838 ex
689 2786 803 2839 humero
815 2802 916 2853 parvae
929 2785 1071 2854 suspendit
1083 2790 1112 2840 et
1124 2803 1226 2845 areum.
1284 2805 1322 2848 ees

465 2860 519 2913 Pro
537 2861 631 2914 crinali
649 2879 724 2931 auro,
741 2879 792 2931 pro
810 2860 907 2931 longae
926 2862 1048 2928 tegmine
1066 2862 1161 2932 pollue,

464 2937 584 3004 Tigridis
602 2939 716 2992 exuviae
733 2955 784 3007 per
803 2937 914 2991 dorsum
931 2938 1067 2993 avertice
1084 2940 1214 3009 pendent

465 3012 529 3066 Tela
546 3014 699 3068 manniam
718 3018 778 3068 tum
795 3018 892 3068 tenero
909 3013 1026 3083 puerilia
1044 3015 1132 3084 torsit,

465 3089 502 3143 Et
518 3090 631 3144 fundam
649 3091 733 3145 tereti
752 3091 853 3144 circum
872 3093 955 3160 caput
973 3090 1030 3158 egit
1046 3090 1161 3160 habena,

465 3166 705 3236 Strymoniamque
716 3184 821 3235 gruem,
834 3170 884 3221 aut
896 3166 987 3220 album
1001 3166 1102 3222 deiecit
1113 3168 1224 3223 olorem.
1280 3185 1321 3226 eso

464 3242 571 3296 Multae
588 3243 662 3296 illam
679 3244 783 3297 frustra
800 3242 941 3311 Tyrrhena
958 3259 1009 3312 per
1026 3243 1128 3315 oppida
1144 3247 1249 3300 matres

465 3318 604 3387 Optavere
622 3336 735 3385 nurum3
754 3315 811 3373 sola
829 3323 959 3374 contenta
975 3318 1062 3373 Diana

465 3396 619 3449 Aeternum
637 3395 754 3449 telorum
772 3399 801 3449 et
818 3396 985 3464 virginitatis
1002 3411 1123 3450 amorem

453 3470 632 3529 Intemerata
650 3471 725 3529 colit
762 3470 874 3527 Vellem
889 3471 967 3526 hand
983 3475 1108 3539 correpta
1124 3472 1223 3528 finisset

439 3547 551 3607 Militia
570 3552 631 3627 tuli,
651 3556 758 3612 conato
775 3551 918 3608 lacessere
933 3549 1073 3603 'leucrosz
1285 3564 1326 3601 vs,

428 3625 506 3685 Um
528 3632 605 3691 mini·
626 3637 837 3706 comitumque
856 3630 937 3685 ieret
954 3640 1033 3679 nune
1047 3636 1107 3671 uua
1119 3632 1255 3667 mearum.

420 3697 536 3768 Verum
557 3730 628 3792 age,
651 3710 919 3794 quandoquidem
934 3699 1011 3759 tatis
1024 3693 1167 3759 unguetur
1183 3682 1304 3744 acernis„
