3467 4367
461 646 507 693 1'94
693 640 725 691 Ρ.
743 639 896 687 VERGILI
914 638 1080 688 MARONIS

459 722 534 788 Quos
551 720 638 776 dulcis
655 720 730 776 vitae
748 719 865 774 exsortia
884 722 913 774 et
931 719 966 774 ab
984 720 1070 775 ubere
1086 722 1182 789 raptos

460 798 584 853 Abstulit
602 801 664 851 atra
681 797 740 850 dies
759 799 789 850 et
806 796 902 849 funere
919 795 1016 851 mersit
1033 796 1137 850 acerbo.

460 873 521 928 Hos
538 875 616 928 iuxta
633 873 701 927 falso
719 872 842 927 damnati
860 873 974 927 crimine
992 874 1095 927 mortis.
1219 877 1229 888 ”
1276 890 1314 930 cao

460 950 520 1005 Nec
537 968 601 1005 voro
617 951 670 1003 hae
687 950 745 1003 sine
764 952 839 1003 sorte
857 949 947 1017 datae,
966 949 1024 1003 sine
1042 949 1140 1019 iudice,
1159 952 1252 1008 sedes:

460 1026 606 1091 Quaesitor
624 1027 714 1080 Minos
731 1043 828 1079 urnam
847 1029 955 1091 movet3
973 1026 1020 1081 ille
1039 1028 1167 1082 silentum

460 1102 664 1172 Consiliumque
681 1107 761 1157 vocat
778 1102 904 1171 vitasque
923 1105 952 1156 et
969 1103 1083 1156 crimina
1100 1104 1190 1158 discit.

460 1178 597 1234 Proxuma
614 1179 714 1233 deinde
732 1182 830 1234 tenent
847 1178 947 1233 maesti
966 1179 1033 1246 loca,
1053 1180 1101 1249 qni
1119 1179 1171 1234 sibi
1188 1180 1276 1235 letum

460 1256 587 1311 Insontes
604 1272 737 1325 peperero
755 1272 843 1323 manu,
862 1254 1007 1323 lucemque
1025 1258 1116 1325 perosi
1275 1271 1313 1311 445

459 1332 603 1387 Proiecere
621 1332 731 1386 animas.
769 1332 856 1396 Quam
874 1331 978 1386 vellent
996 1333 1109 1388 aethere
1127 1334 1156 1387 in
1173 1333 1231 1389 alto

459 1409 540 1462 Nunc
556 1412 586 1463 et
602 1410 760 1479 pauperiem
779 1412 808 1462 et
827 1408 910 1462 duros
928 1410 1052 1478 perferre
1069 1409 1191 1466 labores!

460 1486 513 1539 Fas
530 1485 631 1553 obstat,
648 1485 777 1554 tristique
795 1485 873 1553 palus
891 1484 1046 1539 inamabilis
1063 1486 1138 1539 unda

459 1561 573 1631 Alligat,
592 1564 621 1616 et
638 1561 750 1615 noviens
767 1561 835 1629 Styx
853 1562 1122 1627 interfirsacoercet.

459 1638 518 1692 Nec
529 1639 624 1707 procul
635 1638 698 1691 hinc
709 1641 816 1706 partem
828 1637 883 1690 fusi
895 1641 1083 1693 monstrantur
1092 1638 1120 1690 in
1131 1652 1240 1691 omnem
1275 1650 1313 1690 444

460 1714 598 1782 lingentes
615 1714 718 1783 campi;
736 1713 774 1766 sic
791 1714 852 1767 illos
870 1714 978 1768 nomine
997 1714 1099 1768 dicunt.

460 1791 521 1857 Hie,
540 1807 607 1859 qnos
625 1789 710 1843 durus
730 1806 806 1843 amor
823 1790 929 1844 crudeli
946 1791 1012 1844 tabe
1029 1789 1147 1859 peredit,

459 1866 563 1921 Secreti
581 1866 671 1919 celant
688 1866 769 1919 ealles
788 1870 817 1919 et
834 1870 942 1935 myrtea
959 1866 1062 1920 circum

459 1941 533 1996 Silva
550 1942 635 2009 tegit3
653 1958 735 1997 curae
752 1959 806 1996 non
825 1944 884 2012 ipsa
902 1944 930 1996 in
949 1947 1039 1998 morte
1057 1942 1222 2012 relinquunt.

459 2018 513 2072 His
542 2018 696 2073 Phaedram
725 2019 901 2089 Procrimque
930 2019 1005 2087 loeis,
1033 2022 1222 2087 maestamque
1252 2018 1312 2071 liri-

561 2095 668 2164 phylen,
1274 2108 1312 2147 445

459 2171 586 2227 (1111114114
602 2171 661 2226 nati
678 2174 879 2227 monstrantem
896 2172 1015 2241 volnera,
1033 2171 1129 2242 cernit,

459 2247 646 2318 Euadnenqne
663 2252 693 2302 et
712 2247 883 2315 Pasiphaen3
900 2248 943 2302 his
962 2247 1111 2302 Laodamia

459 2324 489 2378 lt
506 2340 603 2391 comes,
622 2327 651 2378 et
668 2324 773 2376 iuvenis
792 2324 937 2391 quondam,
956 2340 1028 2377 nunc
1046 2323 1155 2390 femina,
1173 2324 1307 2393 Caeneus,

459 2400 565 2454 Rursus
583 2400 658 2455 etin
677 2404 798 2453 veterem
816 2400 874 2453 fato
890 2400 1017 2454 revoluta
1035 2400 1159 2467 figuram.

459 2476 539 2531 Inter
556 2492 624 2545 quas
642 2475 793 2529 Phoenissa
810 2491 906 2531 recens
924 2493 940 2529 a
959 2476 1070 2529 volnere
1088 2475 1161 2529 Dido
1274 2489 1312 2529 rso

459 2552 578 2606 Errabat
596 2552 664 2605 silva
681 2551 710 2603 in
728 2567 840 2618 magna3
860 2569 942 2620 quam
961 2551 1057 2605 Troius
1074 2551 1155 2606 heros

459 2628 500 2683 Ut
517 2629 635 2697 primum
653 2627 731 2680 iuxta
749 2627 828 2679 stetit
846 2627 1030 2696 adgnovitque
1047 2644 1098 2696 per
1114 2626 1239 2680 umbram

460 2704 617 2773 Obscuram,
636 2703 744 2771 qualem
762 2703 850 2769 primo
870 2704 917 2772 qui
935 2720 1049 2772 surgere
1066 2719 1159 2757 mense

460 2781 520 2836 Aut
536 2781 619 2847 videt,
638 2783 686 2832 ant
704 2779 804 2833 vidisse
823 2782 904 2849 putat
921 2797 972 2850 per
988 2780 1083 2833 nubila
1101 2779 1214 2847 Lunam,

460 2855 577 2911 Demisit
594 2856 726 2921 lacrimas,
746 2855 874 2924 dulcique
893 2856 1000 2910 adfatus
1018 2871 1111 2909 amore
1128 2857 1228 2949 ests
1275 2868 1313 2909 445

460 2932 559 2987 Infelix
578 2933 657 3000 Dido,
675 2948 756 2986 verus
774 2932 840 2985 milri
859 2932 971 2987 nuntius
989 2949 1054 3001 ergo

461 3009 582 3063 Venerat
599 3008 770 3080 exstinctam,
788 3009 916 3077 ferroque
934 3012 1057 3063 extrema
1076 3009 1216 3063 secutaml

461 3086 575 3146 Funeris
592 3086 646 3139 heu
663 3085 716 3138 tibi
733 3102 829 3139 caussa
845 3085 902 3139 inii
940 3086 994 3138 Per
1012 3085 1104 3138 sidera
1120 3085 1188 3152 iuro,

461 3163 513 3216 Per
531 3179 643 3231 superos
660 3165 690 3216 et
708 3162 731 3215 si
749 3178 804 3231 qua
822 3162 891 3215 fides
910 3162 1009 3216 tellure
1028 3161 1078 3215 sub
1097 3161 1154 3214 ima
1171 3162 1222 3227 est,

460 3238 574 3306 Invitus,
592 3240 692 3307 regina,
711 3240 759 3291 tuo
778 3237 814 3291 de
831 3238 913 3291 litore
932 3238 1007 3292 cessi.
1274 3249 1313 3290 441

459 3314 515 3369 Sed
533 3333 576 3369 me
594 3315 667 3368 iussa
685 3314 775 3382 deum,
794 3330 864 3381 quae
882 3330 954 3367 nunc
971 3314 1020 3367 has
1038 3314 1080 3368 ire
1097 3329 1148 3381 per
1165 3311 1284 3380 umbras,

459 3390 514 3445 Per
530 3393 590 3445 loca
607 3393 685 3445 senta
703 3391 758 3444 situ
776 3392 878 3457 cogrmt
896 3394 1059 3459 noctemque
1076 3388 1249 3457 profundam,

447 3467 573 3535 Inperiis
591 3483 676 3536 egere
693 3466 752 3521 suis
761 3487 768 3534 ;
785 3482 837 3521 nec
854 3465 969 3521 credere
987 3466 1062 3536 quivi

434 3540 525 3610 Hunc
545 3547 660 3600 tantum
681 3544 735 3601 tibi
754 3563 800 3602 me
820 3546 949 3602 discessu
964 3544 1042 3599 terre
1060 3543 1191 3595 dolorem.

418 3611 503 3673 Siste
518 3622 662 3695 madum,
683 3629 776 3699 teque
797 3628 926 3699 aspectu
939 3639 980 3680 ne
999 3617 1137 3677 subtrahe
1150 3618 1257 3666 nostro·
1301 3625 1341 3663 m

408 3686 507 3753 Quem
521 3699 630 3771 fugis?
643 3708 824 3765 extremum
839 3707 917 3776 fato,
929 3699 1015 3776 quod
1027 3701 1062 3754 te
1077 3684 1296 3758 adsumam
1302 3685 1361 3736 *³⁸⁸*-
