3467 4367
412 601 418 614 '
462 632 508 679 rea
700 591 729 677 ΡῘ
751 628 907 677 vanans
928 629 1093 679 manours

461 710 498 764 Et
516 708 632 763 multum
649 708 775 762 lacrimas
792 709 878 764 verba
895 710 969 765 inter
987 711 1093 780 singula
1109 713 1207 767 fundit.

462 785 592 851 Procedo,
611 787 641 839 et
658 801 771 854 parvam
789 785 898 839 troiam
916 786 1097 858 simulataque
1115 789 1222 857 magnis

462 861 597 931 Pergama
614 864 644 915 ct
661 864 784 915 arentem
803 861 909 916 Xanthi
926 865 1085 931 cognomine
1104 866 1192 920 rivum
1280 879 1320 921 85⁰

461 939 616 1007 Adgnosco,
636 937 791 1006 Scaeaeque
809 938 960 1008 amplector
978 940 1071 995 limina
1089 945 1193 1010 portae.

461 1016 520 1069 Nec
537 1032 590 1069 non
609 1017 639 1068 et
657 1014 754 1067 Teucri
772 1016 844 1069 socia
861 1016 941 1069 simul
959 1016 1028 1070 urbe
1046 1019 1180 1072 fruuntur.

462 1091 528 1146 Illos
545 1090 697 1161 porticibus
713 1108 763 1145 rex
782 1091 934 1161 accipiebat
952 1093 979 1146 in
998 1094 1109 1163 amplis;

461 1169 545 1223 Aulai
563 1168 655 1222 medio
672 1167 797 1221 libabant
813 1168 911 1237 pocula
930 1168 1037 1238 Bacchi,

461 1245 593 1315 Inpositis
610 1261 677 1298 auro
695 1243 819 1313 dapibus,
837 1248 1003 1315 paterasque
1020 1246 1159 1299 tenebant
1281 1259 1320 1300 aec

497 1322 611 1392 Iamque
629 1322 689 1376 dies
706 1321 832 1390 alterque
850 1322 910 1375 dies
927 1324 1067 1390 processit,
1086 1326 1115 1376 et
1131 1338 1214 1375 aurae

461 1398 533 1453 Vela
549 1402 648 1453 vocant
665 1397 828 1467 tumidoque
845 1398 958 1454 inflatur
975 1399 1105 1454 carbasus
1122 1401 1229 1453 austro:

463 1476 516 1529 His
533 1480 624 1529 ratem
642 1474 790 1546 adgredior
807 1474 890 1529 dictis
907 1492 939 1530 ac
956 1477 1022 1531 talia
1040 1493 1152 1544 quaeso:

461 1551 621 1620 Troiugena,
638 1552 776 1621 interpres
794 1551 894 1620 divom,
912 1553 960 1622 qui
977 1554 1088 1607 numina
1106 1550 1218 1618 Phoebi,

461 1627 514 1693 Qui
531 1628 662 1697 tripodas,
682 1627 767 1682 Clarii
784 1627 812 1681 la
864 1646 885 1696 s,
903 1631 951 1698 qui
969 1630 1061 1683 sidera
1078 1628 1165 1683 sentis
1236 1687 1240 1698 .
1281 1641 1320 1681 seo

460 1703 499 1759 llt
516 1704 655 1759 volucrum
674 1705 779 1772 linguas
797 1645 984 1776 eirenepecis
1001 1706 1091 1760 omina
1108 1720 1221 1773 pennae,
1239 1713 1245 1758 l

461 1780 532 1835 Fare
543 1796 749 1851 age—namque
761 1797 870 1835 omnem
882 1798 991 1836 cursum
1000 1782 1068 1836 mihi
1076 1795 1208 1850 prospera
1217 1779 1289 1833 dixit

461 1857 578 1926 Religio,
598 1861 628 1912 et
645 1858 735 1911 cuncti
754 1862 900 1911 suaserunt
917 1859 1028 1913 numine
1047 1857 1102 1912 divi

461 1934 571 1989 Italiam
589 1938 686 2003 petere
704 1937 733 1988 et
750 1937 840 1987 terras
857 1938 995 2004 temptare
1011 1937 1150 2003 repostam

461 2010 525 2066 Sola
542 2027 642 2065 novum
661 2011 793 2080 dictuque
810 2011 887 2065 nefas
906 2011 1029 2081 Harpyia
1047 2010 1164 2065 Celaeno
1282 2023 1319 2062 aes

461 2086 622 2156 Prodigium
639 2088 721 2154 canit,
739 2091 769 2142 et
786 2087 875 2141 tristis
894 2088 1038 2143 denuntiat
1055 2088 1118 2153 iras,

460 2162 670 2235 obscenamque
686 2165 894 2234 famem—quae
911 2166 999 2233 prima
1016 2163 1136 2234 pericula
1154 2162 1228 2219 vitot

461 2239 569 2305 Quidve
587 2257 705 2310 sequens
722 2245 815 2296 tantos
833 2242 934 2311 possim
953 2257 1083 2310 superare
1100 2238 1224 2293 laboresl

461 2316 516 2372 Hic
536 2318 667 2385 Holonus,
686 2318 773 2371 caesis
790 2318 908 2386 primum
927 2319 963 2372 de
980 2332 1057 2371 more
1073 2314 1202 2383 iuvencis,

460 2391 565 2448 Exorat
582 2410 677 2462 pacem
696 2394 795 2461 divom,
815 2395 954 2463 vittasque
972 2392 1083 2447 resolvit
1281 2404 1319 2447 87⁰

461 2468 567 2524 Sacrati
585 2470 690 2539 capitis,
707 2487 807 2539 meque
825 2470 861 2523 ad
880 2473 929 2523 tua
945 2469 1046 2535 limina,
1065 2466 1183 2533 Phoebe,

461 2545 527 2614 Ipse
544 2562 626 2599 manu
644 2547 730 2601 multo
749 2562 910 2615 suspensum
929 2545 1040 2598 numine
1059 2543 1142 2611 ducit,

461 2621 557 2690 Atque
575 2623 642 2676 haec
660 2621 762 2676 deindo
780 2622 853 2675 canit
872 2622 963 2675 divino
981 2638 1016 2676 ex
1034 2638 1082 2675 ore
1100 2620 1240 2675 sacerdos:

495 2698 570 2753 Nato
588 2698 745 2768 dea—nam
764 2701 793 2752 te
810 2698 961 2751 maioribus
978 2698 1018 2751 ire
1036 2714 1086 2766 per
1103 2696 1189 2750 altum

461 2775 600 2844 Auspiciis
618 2775 763 2829 manifesta
781 2773 864 2829 fides:
885 2775 924 2828 sic
941 2774 998 2828 iata
1016 2776 1098 2828 deum
1117 2790 1166 2827 rex
1282 2784 1320 2825 ers

461 2852 589 2920 Sortitur,
607 2853 745 2921 volvitque
763 2852 852 2918 vices,
870 2852 894 2905 is
913 2851 1032 2905 vortitur
1050 2850 1154 2905 ordo-

461 2930 552 2983 Panca
568 2929 620 2983 tibi
638 2944 654 2983 e
671 2929 773 2995 multis,
792 2946 847 2997 quo
864 2929 951 2983 tutior
968 2927 1076 2997 hospita
1093 2927 1196 2980 lustres

461 3006 591 3073 Aequora
609 3011 639 3060 et
658 3006 781 3059 Ausonio
798 3005 886 3073 possis
904 3006 1046 3059 considere
1063 3007 1154 3074 portu,

460 3081 612 3149 Expediam
631 3082 727 3145 dictim
748 3081 896 3150 prohibent
913 3098 975 3136 nam
993 3086 1086 3136 cetera
1104 3080 1206 3133 Parcae

460 3156 536 3211 Scire
555 3157 692 3211 Helenum
709 3158 817 3226 farique
836 3162 914 3213 vetat
932 3159 1060 3213 Saturnia
1081 3158 1157 3210 luno.
1282 3166 1321 3206 aso

461 3231 599 3302 Principio
618 3234 736 3302 Italiam,
755 3251 837 3303 quam
857 3239 889 3288 tu
905 3235 960 3288 iam
980 3251 1041 3288 rere
1059 3232 1241 3301 propinquam

460 3308 636 3379 Vicinosque,
653 3310 754 3378 ignare,
772 3327 853 3378 paras
872 3311 1002 3365 invadere
1020 3314 1124 3379 portus,

460 3385 555 3455 Longa
572 3386 666 3455 procul
685 3386 773 3454 longis
791 3387 835 3440 ria
853 3387 953 3440 dividit
970 3387 1042 3439 invia
1061 3386 1150 3439 torris.

447 3460 530 3512 Ante
548 3466 580 3514 ot
599 3462 740 3516 Trinacria
757 3463 906 3518 lentandus
923 3479 1014 3515 remus
1032 3463 1061 3515 in
1079 3458 1160 3526 unda,

429 3527 476 3582 Et
489 3535 562 3589 salis
579 3539 704 3593 Ausonii
724 3541 909 3597 lustrandum
925 3537 1044 3593 naribus
1060 3550 1161 3604 aequor

413 3596 597 3680 Jflfemique
616 3615 701 3674 lacus
724 3621 911 3693 Aeaeaeque
927 3616 1025 3673 insula
1042 3613 1153 3675 Qireae,

399 3667 501 3733 Qum
525 3689 596 3744 ‘1¹⁶³
615 3698 722 3763 possis
741 3699 859 3757 urbem
880 3708 1054 3764 conponere
1070 3692 1161 3742 terra
