<?xml version="1.0" encoding="UTF-8"?>
<!DOCTYPE html PUBLIC "-//W3C//DTD XHTML 1.0 Transitional//EN"
    "http://www.w3.org/TR/xhtml1/DTD/xhtml1-transitional.dtd">
<html xmlns="http://www.w3.org/1999/xhtml" xml:lang="en" lang="en">
 <head>
  <title>
</title>
<meta http-equiv="Content-Type" content="text/html;charset=utf-8" />
  <meta name='ocr-system' content='tesseract 3.04.00' />
  <meta name='ocr-capabilities' content='ocr_page ocr_carea ocr_par ocr_line ocrx_word'/>
</head>
<body>
  <div class='ocr_page' id='page_1' title='image "./publivergilimar02virggoog/publivergilimar02virggoog_0182.png"; bbox 0 0 3467 4367; ppageno 0'>
   <div class='ocr_carea' id='block_1_1' title="bbox 449 584 1218 771">
    <p class='ocr_par' dir='ltr' id='par_1_1' title="bbox 449 584 1218 771">
     <span class='ocr_line' id='line_1_1' title="bbox 449 584 1127 677; baseline 0.009 -6"><span class='ocrx_word' id='word_1_1' title='bbox 449 584 510 674; x_wconf 63' lang='lat' dir='ltr'>,m</span> <span class='ocrx_word' id='word_1_2' title='bbox 696 623 727 671; x_wconf 79' lang='lat' dir='ltr'>e.</span> <span class='ocrx_word' id='word_1_3' title='bbox 745 622 897 671; x_wconf 75' lang='lat' dir='ltr'>veantur</span> <span class='ocrx_word' id='word_1_4' title='bbox 914 622 1078 673; x_wconf 72' lang='lat' dir='ltr'>mantonis</span> <span class='ocrx_word' id='word_1_5' title='bbox 1123 672 1127 677; x_wconf 86' lang='lat'>.</span> 
     </span>
     <span class='ocr_line' id='line_1_2' title="bbox 464 701 1218 771; baseline 0 -14"><span class='ocrx_word' id='word_1_6' title='bbox 464 705 518 757; x_wconf 90' lang='lat' dir='ltr'>Ast</span> <span class='ocrx_word' id='word_1_7' title='bbox 534 704 611 757; x_wconf 92' lang='lat' dir='ltr'>illum</span> <span class='ocrx_word' id='word_1_8' title='bbox 627 702 676 756; x_wconf 90' lang='lat' dir='ltr'>fidi</span> <span class='ocrx_word' id='word_1_9' title='bbox 693 702 829 771; x_wconf 76' lang='lat' dir='ltr'>aequales,</span> <span class='ocrx_word' id='word_1_10' title='bbox 846 718 937 771; x_wconf 88' lang='lat' dir='ltr'>genua</span> <span class='ocrx_word' id='word_1_11' title='bbox 954 718 1038 769; x_wconf 77' lang='lat' dir='ltr'>aegra</span> <span class='ocrx_word' id='word_1_12' title='bbox 1054 701 1218 771; x_wconf 81' lang='lat' dir='ltr'><strong>trahentem,</strong></span> 
     </span>
    </p>
   </div>
   <div class='ocr_carea' id='block_1_2' title="bbox 420 779 1314 3738">
    <p class='ocr_par' dir='ltr' id='par_1_2' title="bbox 420 779 1314 3738">
     <span class='ocr_line' id='line_1_3' title="bbox 464 779 1249 849; baseline 0 -16"><span class='ocrx_word' id='word_1_13' title='bbox 464 779 671 849; x_wconf 77' lang='lat' dir='ltr'><strong>laetantemque</strong></span> <span class='ocrx_word' id='word_1_14' title='bbox 688 782 806 847; x_wconf 86' lang='lat' dir='ltr'>utroque</span> <span class='ocrx_word' id='word_1_15' title='bbox 822 781 913 847; x_wconf 87' lang='lat' dir='ltr'>caput,</span> <span class='ocrx_word' id='word_1_16' title='bbox 931 794 1107 847; x_wconf 86' lang='lat' dir='ltr'>crassumque</span> <span class='ocrx_word' id='word_1_17' title='bbox 1123 794 1249 833; x_wconf 90' lang='lat' dir='ltr'>eruerem</span> 
     </span>
     <span class='ocr_line' id='line_1_4' title="bbox 462 853 1314 923; baseline 0 -14"><span class='ocrx_word' id='word_1_18' title='bbox 462 855 518 909; x_wconf 90' lang='lat' dir='ltr'>Ore</span> <span class='ocrx_word' id='word_1_19' title='bbox 535 857 697 909; x_wconf 76' lang='lat' dir='ltr'>eiectantem</span> <span class='ocrx_word' id='word_1_20' title='bbox 716 855 871 923; x_wconf 78' lang='lat' dir='ltr'>mixtosque</span> <span class='ocrx_word' id='word_1_21' title='bbox 889 854 916 907; x_wconf 92' lang='lat' dir='ltr'>in</span> <span class='ocrx_word' id='word_1_22' title='bbox 936 854 1066 922; x_wconf 88' lang='lat' dir='ltr'>sanguine</span> <span class='ocrx_word' id='word_1_23' title='bbox 1084 853 1191 922; x_wconf 86' lang='lat' dir='ltr'>dentes,</span> <span class='ocrx_word' id='word_1_24' title='bbox 1279 865 1314 909; x_wconf 79' lang='lat' dir='ltr'>m</span> 
     </span>
     <span class='ocr_line' id='line_1_5' title="bbox 462 931 1182 1000; baseline -0.001 -16"><span class='ocrx_word' id='word_1_25' title='bbox 462 931 572 985; x_wconf 88' lang='lat' dir='ltr'>Ducunt</span> <span class='ocrx_word' id='word_1_26' title='bbox 589 931 626 984; x_wconf 89' lang='lat' dir='ltr'>ad</span> <span class='ocrx_word' id='word_1_27' title='bbox 643 931 734 995; x_wconf 79' lang='lat' dir='ltr'>navis3</span> <span class='ocrx_word' id='word_1_28' title='bbox 751 931 911 1000; x_wconf 73' lang='lat' dir='ltr'>galeamque</span> <span class='ocrx_word' id='word_1_29' title='bbox 929 947 1077 999; x_wconf 86' lang='lat' dir='ltr'>ensemque</span> <span class='ocrx_word' id='word_1_30' title='bbox 1093 931 1182 985; x_wconf 77' lang='lat' dir='ltr'>rotati</span> 
     </span>
     <span class='ocr_line' id='line_1_6' title="bbox 462 1006 1254 1076; baseline 0 -14"><span class='ocrx_word' id='word_1_31' title='bbox 462 1008 623 1076; x_wconf 87' lang='lat' dir='ltr'>Accipiunt;</span> <span class='ocrx_word' id='word_1_32' title='bbox 641 1008 760 1076; x_wconf 88' lang='lat' dir='ltr'>palmam</span> <span class='ocrx_word' id='word_1_33' title='bbox 779 1007 888 1061; x_wconf 83' lang='lat' dir='ltr'>Entello</span> <span class='ocrx_word' id='word_1_34' title='bbox 906 1011 1070 1074; x_wconf 85' lang='lat' dir='ltr'>taurumque</span> <span class='ocrx_word' id='word_1_35' title='bbox 1088 1006 1254 1076; x_wconf 78' lang='lat' dir='ltr'>relinquunt</span> 
     </span>
     <span class='ocr_line' id='line_1_7' title="bbox 463 1082 1208 1152; baseline 0.003 -16"><span class='ocrx_word' id='word_1_36' title='bbox 463 1083 516 1137; x_wconf 92' lang='lat' dir='ltr'>Hic</span> <span class='ocrx_word' id='word_1_37' title='bbox 533 1084 627 1149; x_wconf 79' lang='lat' dir='ltr'>victor,</span> <span class='ocrx_word' id='word_1_38' title='bbox 646 1097 778 1151; x_wconf 82' lang='lat' dir='ltr'>superam</span> <span class='ocrx_word' id='word_1_39' title='bbox 794 1082 891 1137; x_wconf 87' lang='lat' dir='ltr'>animis</span> <span class='ocrx_word' id='word_1_40' title='bbox 907 1088 1043 1152; x_wconf 86' lang='lat' dir='ltr'>tauroque</span> <span class='ocrx_word' id='word_1_41' title='bbox 1060 1082 1208 1151; x_wconf 87' lang='lat' dir='ltr'>superbus:</span> 
     </span>
     <span class='ocr_line' id='line_1_8' title="bbox 461 1158 1244 1228; baseline 0 -15"><span class='ocrx_word' id='word_1_42' title='bbox 461 1160 534 1213; x_wconf 91' lang='lat' dir='ltr'>Nate</span> <span class='ocrx_word' id='word_1_43' title='bbox 552 1158 612 1226; x_wconf 90' lang='lat' dir='ltr'>dea,</span> <span class='ocrx_word' id='word_1_44' title='bbox 630 1175 730 1227; x_wconf 83' lang='lat' dir='ltr'>rosque</span> <span class='ocrx_word' id='word_1_45' title='bbox 751 1160 825 1226; x_wconf 83' lang='lat' dir='ltr'>haee,</span> <span class='ocrx_word' id='word_1_46' title='bbox 843 1160 940 1228; x_wconf 88' lang='lat' dir='ltr'>inquit,</span> <span class='ocrx_word' id='word_1_47' title='bbox 958 1158 1119 1227; x_wconf 81' lang='lat' dir='ltr'>cognoscite,</span> <span class='ocrx_word' id='word_1_48' title='bbox 1137 1158 1244 1225; x_wconf 77' lang='lat' dir='ltr'>Teucri,</span> 
     </span>
     <span class='ocr_line' id='line_1_9' title="bbox 463 1234 1313 1304; baseline -0.001 -17"><span class='ocrx_word' id='word_1_49' title='bbox 463 1236 498 1289; x_wconf 83' lang='lat' dir='ltr'>Et</span> <span class='ocrx_word' id='word_1_50' title='bbox 515 1235 581 1289; x_wconf 90' lang='lat' dir='ltr'>mihi</span> <span class='ocrx_word' id='word_1_51' title='bbox 600 1252 670 1304; x_wconf 88' lang='lat' dir='ltr'>quae</span> <span class='ocrx_word' id='word_1_52' title='bbox 688 1237 789 1288; x_wconf 76' lang='lat' dir='ltr'>suerint</span> <span class='ocrx_word' id='word_1_53' title='bbox 806 1235 924 1289; x_wconf 86' lang='lat' dir='ltr'>iuvenali</span> <span class='ocrx_word' id='word_1_54' title='bbox 941 1236 969 1289; x_wconf 93' lang='lat' dir='ltr'>in</span> <span class='ocrx_word' id='word_1_55' title='bbox 987 1250 1100 1303; x_wconf 87' lang='lat' dir='ltr'>corpore</span> <span class='ocrx_word' id='word_1_56' title='bbox 1117 1234 1197 1303; x_wconf 82' lang='lat' dir='ltr'>vires,</span> <span class='ocrx_word' id='word_1_57' title='bbox 1278 1246 1313 1289; x_wconf 72' lang='lat' dir='ltr'>as</span> 
     </span>
     <span class='ocr_line' id='line_1_10' title="bbox 463 1310 1147 1379; baseline 0.003 -16"><span class='ocrx_word' id='word_1_58' title='bbox 463 1312 498 1364; x_wconf 75' lang='lat' dir='ltr'>lit</span> <span class='ocrx_word' id='word_1_59' title='bbox 516 1328 570 1379; x_wconf 88' lang='lat' dir='ltr'>qua</span> <span class='ocrx_word' id='word_1_60' title='bbox 588 1311 702 1365; x_wconf 85' lang='lat' dir='ltr'>servetis</span> <span class='ocrx_word' id='word_1_61' title='bbox 720 1316 875 1366; x_wconf 88' lang='lat' dir='ltr'>revocatum</span> <span class='ocrx_word' id='word_1_62' title='bbox 893 1328 911 1364; x_wconf 92' lang='lat' dir='ltr'>a</span> <span class='ocrx_word' id='word_1_63' title='bbox 928 1314 1018 1365; x_wconf 88' lang='lat' dir='ltr'>morte</span> <span class='ocrx_word' id='word_1_64' title='bbox 1035 1310 1147 1365; x_wconf 84' lang='lat' dir='ltr'>Dareta</span> 
     </span>
     <span class='ocr_line' id='line_1_11' title="bbox 463 1386 1125 1453; baseline 0.005 -16"><span class='ocrx_word' id='word_1_65' title='bbox 463 1387 544 1453; x_wconf 83' lang='lat' dir='ltr'>Dixit,</span> <span class='ocrx_word' id='word_1_66' title='bbox 562 1392 591 1441; x_wconf 90' lang='lat' dir='ltr'>et</span> <span class='ocrx_word' id='word_1_67' title='bbox 608 1387 716 1441; x_wconf 80' lang='lat' dir='ltr'>adversi</span> <span class='ocrx_word' id='word_1_68' title='bbox 735 1391 830 1440; x_wconf 90' lang='lat' dir='ltr'>eontra</span> <span class='ocrx_word' id='word_1_69' title='bbox 848 1388 928 1441; x_wconf 90' lang='lat' dir='ltr'>stetit</span> <span class='ocrx_word' id='word_1_70' title='bbox 945 1404 993 1440; x_wconf 87' lang='lat' dir='ltr'>era</span> <span class='ocrx_word' id='word_1_71' title='bbox 1010 1386 1125 1453; x_wconf 84' lang='lat' dir='ltr'>iuvenci,</span> 
     </span>
     <span class='ocr_line' id='line_1_12' title="bbox 462 1462 1202 1531; baseline 0.001 -17"><span class='ocrx_word' id='word_1_72' title='bbox 462 1464 513 1527; x_wconf 77' lang='lat' dir='ltr'>Qui</span> <span class='ocrx_word' id='word_1_73' title='bbox 532 1463 632 1517; x_wconf 91' lang='lat' dir='ltr'>donum</span> <span class='ocrx_word' id='word_1_74' title='bbox 650 1463 779 1516; x_wconf 77' lang='lat' dir='ltr'>adstabat</span> <span class='ocrx_word' id='word_1_75' title='bbox 797 1480 911 1531; x_wconf 79' lang='lat' dir='ltr'>pugnae,</span> <span class='ocrx_word' id='word_1_76' title='bbox 930 1462 1068 1531; x_wconf 89' lang='lat' dir='ltr'>durosque</span> <span class='ocrx_word' id='word_1_77' title='bbox 1085 1462 1202 1516; x_wconf 89' lang='lat' dir='ltr'>reducta</span> 
     </span>
     <span class='ocr_line' id='line_1_13' title="bbox 465 1538 1149 1607; baseline 0.004 -18"><span class='ocrx_word' id='word_1_78' title='bbox 465 1538 585 1591; x_wconf 71' lang='lat' dir='ltr'>libravit</span> <span class='ocrx_word' id='word_1_79' title='bbox 603 1540 701 1592; x_wconf 66' lang='lat' dir='ltr'>(lextra</span> <span class='ocrx_word' id='word_1_80' title='bbox 719 1538 810 1591; x_wconf 87' lang='lat' dir='ltr'>media</span> <span class='ocrx_word' id='word_1_81' title='bbox 827 1539 899 1593; x_wconf 89' lang='lat' dir='ltr'>inter</span> <span class='ocrx_word' id='word_1_82' title='bbox 916 1554 1017 1592; x_wconf 89' lang='lat' dir='ltr'>cornua</span> <span class='ocrx_word' id='word_1_83' title='bbox 1034 1541 1149 1607; x_wconf 89' lang='lat' dir='ltr'>caestus,</span> 
     </span>
     <span class='ocr_line' id='line_1_14' title="bbox 463 1611 1313 1682; baseline 0.002 -16"><span class='ocrx_word' id='word_1_84' title='bbox 463 1614 581 1677; x_wconf 81' lang='lat' dir='ltr'>Arduus,</span> <span class='ocrx_word' id='word_1_85' title='bbox 598 1611 765 1682; x_wconf 85' lang='lat' dir='ltr'>effractoque</span> <span class='ocrx_word' id='word_1_86' title='bbox 784 1614 868 1667; x_wconf 78' lang='lat' dir='ltr'>inlisit</span> <span class='ocrx_word' id='word_1_87' title='bbox 886 1615 914 1667; x_wconf 89' lang='lat' dir='ltr'>in</span> <span class='ocrx_word' id='word_1_88' title='bbox 932 1631 993 1668; x_wconf 84' lang='lat' dir='ltr'>ossa</span> <span class='ocrx_word' id='word_1_89' title='bbox 1011 1614 1132 1669; x_wconf 88' lang='lat' dir='ltr'>cerebro.</span> <span class='ocrx_word' id='word_1_90' title='bbox 1275 1630 1313 1674; x_wconf 78' lang='lat' dir='ltr'>sse</span> 
     </span>
     <span class='ocr_line' id='line_1_15' title="bbox 461 1690 1279 1758; baseline 0.001 -15"><span class='ocrx_word' id='word_1_91' title='bbox 461 1690 597 1743; x_wconf 83' lang='lat' dir='ltr'>Sternitur</span> <span class='ocrx_word' id='word_1_92' title='bbox 613 1690 799 1757; x_wconf 82' lang='lat' dir='ltr'>exanimisque</span> <span class='ocrx_word' id='word_1_93' title='bbox 818 1696 940 1744; x_wconf 88' lang='lat' dir='ltr'>tremens</span> <span class='ocrx_word' id='word_1_94' title='bbox 957 1690 1112 1758; x_wconf 88' lang='lat' dir='ltr'>procumbit</span> <span class='ocrx_word' id='word_1_95' title='bbox 1129 1690 1205 1743; x_wconf 91' lang='lat' dir='ltr'>humi</span> <span class='ocrx_word' id='word_1_96' title='bbox 1222 1690 1279 1745; x_wconf 82' lang='lat' dir='ltr'>bos</span> 
     </span>
     <span class='ocr_line' id='line_1_16' title="bbox 463 1764 1065 1836; baseline 0.005 -18"><span class='ocrx_word' id='word_1_97' title='bbox 463 1765 512 1819; x_wconf 89' lang='lat' dir='ltr'>llle</span> <span class='ocrx_word' id='word_1_98' title='bbox 535 1779 617 1832; x_wconf 90' lang='lat' dir='ltr'>super</span> <span class='ocrx_word' id='word_1_99' title='bbox 630 1766 693 1820; x_wconf 89' lang='lat' dir='ltr'>talis</span> <span class='ocrx_word' id='word_1_100' title='bbox 711 1764 827 1821; x_wconf 84' lang='lat' dir='ltr'>effundit</span> <span class='ocrx_word' id='word_1_101' title='bbox 843 1771 955 1836; x_wconf 86' lang='lat' dir='ltr'>pectore</span> <span class='ocrx_word' id='word_1_102' title='bbox 973 1783 1065 1821; x_wconf 87' lang='lat' dir='ltr'>voces:</span> 
     </span>
     <span class='ocr_line' id='line_1_17' title="bbox 463 1841 1311 1911; baseline 0.005 -18"><span class='ocrx_word' id='word_1_103' title='bbox 463 1842 541 1894; x_wconf 87' lang='lat' dir='ltr'>llane</span> <span class='ocrx_word' id='word_1_104' title='bbox 559 1841 617 1908; x_wconf 90' lang='lat' dir='ltr'>tibi,</span> <span class='ocrx_word' id='word_1_105' title='bbox 636 1842 716 1911; x_wconf 76' lang='lat' dir='ltr'>Eryx,</span> <span class='ocrx_word' id='word_1_106' title='bbox 734 1844 874 1896; x_wconf 89' lang='lat' dir='ltr'>meliorem</span> <span class='ocrx_word' id='word_1_107' title='bbox 892 1844 1010 1896; x_wconf 86' lang='lat' dir='ltr'>animam</span> <span class='ocrx_word' id='word_1_108' title='bbox 1026 1859 1077 1911; x_wconf 91' lang='lat' dir='ltr'>pro</span> <span class='ocrx_word' id='word_1_109' title='bbox 1093 1846 1183 1898; x_wconf 83' lang='lat' dir='ltr'>morte</span> <span class='ocrx_word' id='word_1_110' title='bbox 1199 1841 1311 1899; x_wconf 82' lang='lat' dir='ltr'>Daretis</span> 
     </span>
     <span class='ocr_line' id='line_1_18' title="bbox 462 1917 1182 1987; baseline 0.007 -16"><span class='ocrx_word' id='word_1_111' title='bbox 462 1917 603 1984; x_wconf 88' lang='lat' dir='ltr'>Persolvo;</span> <span class='ocrx_word' id='word_1_112' title='bbox 619 1917 664 1972; x_wconf 87' lang='lat' dir='ltr'>hie</span> <span class='ocrx_word' id='word_1_113' title='bbox 681 1920 767 1973; x_wconf 79' lang='lat' dir='ltr'>riemr</span> <span class='ocrx_word' id='word_1_114' title='bbox 785 1924 893 1973; x_wconf 85' lang='lat' dir='ltr'>caestus</span> <span class='ocrx_word' id='word_1_115' title='bbox 911 1923 1055 1987; x_wconf 87' lang='lat' dir='ltr'>artemque</span> <span class='ocrx_word' id='word_1_116' title='bbox 1072 1935 1182 1987; x_wconf 88' lang='lat' dir='ltr'>repono.</span> 
     </span>
     <span class='ocr_line' id='line_1_19' title="bbox 496 1994 1312 2063; baseline 0.004 -17"><span class='ocrx_word' id='word_1_117' title='bbox 496 1994 622 2048; x_wconf 88' lang='lat' dir='ltr'>Protinus</span> <span class='ocrx_word' id='word_1_118' title='bbox 645 2000 753 2049; x_wconf 84' lang='lat' dir='ltr'>Aeneas</span> <span class='ocrx_word' id='word_1_119' title='bbox 768 1995 851 2049; x_wconf 91' lang='lat' dir='ltr'>celeri</span> <span class='ocrx_word' id='word_1_120' title='bbox 868 1998 977 2049; x_wconf 86' lang='lat' dir='ltr'>certare</span> <span class='ocrx_word' id='word_1_121' title='bbox 995 1996 1096 2063; x_wconf 85' lang='lat' dir='ltr'>sagitta</span> <span class='ocrx_word' id='word_1_122' title='bbox 1276 2006 1312 2048; x_wconf 74' lang='lat' dir='ltr'>tot</span> 
     </span>
     <span class='ocr_line' id='line_1_20' title="bbox 461 2070 1119 2141; baseline 0.005 -19"><span class='ocrx_word' id='word_1_123' title='bbox 461 2070 564 2124; x_wconf 84' lang='lat' dir='ltr'>invitat</span> <span class='ocrx_word' id='word_1_124' title='bbox 582 2073 629 2139; x_wconf 92' lang='lat' dir='ltr'>qui</span> <span class='ocrx_word' id='word_1_125' title='bbox 645 2071 717 2126; x_wconf 86' lang='lat' dir='ltr'>forte</span> <span class='ocrx_word' id='word_1_126' title='bbox 736 2071 829 2138; x_wconf 88' lang='lat' dir='ltr'>velint,</span> <span class='ocrx_word' id='word_1_127' title='bbox 846 2075 876 2125; x_wconf 91' lang='lat' dir='ltr'>et</span> <span class='ocrx_word' id='word_1_128' title='bbox 893 2070 1016 2140; x_wconf 88' lang='lat' dir='ltr'>praemia</span> <span class='ocrx_word' id='word_1_129' title='bbox 1033 2070 1119 2141; x_wconf 89' lang='lat' dir='ltr'>ponit,</span> 
     </span>
     <span class='ocr_line' id='line_1_21' title="bbox 461 2146 1104 2215; baseline 0.005 -17"><span class='ocrx_word' id='word_1_130' title='bbox 461 2146 625 2215; x_wconf 84' lang='lat' dir='ltr'>Ingentique</span> <span class='ocrx_word' id='word_1_131' title='bbox 642 2163 724 2202; x_wconf 89' lang='lat' dir='ltr'>manu</span> <span class='ocrx_word' id='word_1_132' title='bbox 740 2147 842 2201; x_wconf 86' lang='lat' dir='ltr'>malum</span> <span class='ocrx_word' id='word_1_133' title='bbox 859 2147 895 2201; x_wconf 92' lang='lat' dir='ltr'>de</span> <span class='ocrx_word' id='word_1_134' title='bbox 913 2164 982 2201; x_wconf 84' lang='lat' dir='ltr'>nave</span> <span class='ocrx_word' id='word_1_135' title='bbox 1001 2147 1104 2201; x_wconf 86' lang='lat' dir='ltr'>Seresti</span> 
     </span>
     <span class='ocr_line' id='line_1_22' title="bbox 461 2222 1198 2291; baseline 0.001 -17"><span class='ocrx_word' id='word_1_136' title='bbox 461 2222 555 2291; x_wconf 77' lang='lat' dir='ltr'>Erigit,</span> <span class='ocrx_word' id='word_1_137' title='bbox 573 2228 602 2277; x_wconf 90' lang='lat' dir='ltr'>et</span> <span class='ocrx_word' id='word_1_138' title='bbox 620 2229 755 2278; x_wconf 82' lang='lat' dir='ltr'>volucrem</span> <span class='ocrx_word' id='word_1_139' title='bbox 774 2224 890 2277; x_wconf 87' lang='lat' dir='ltr'>traiecto</span> <span class='ocrx_word' id='word_1_140' title='bbox 907 2224 935 2277; x_wconf 91' lang='lat' dir='ltr'>in</span> <span class='ocrx_word' id='word_1_141' title='bbox 953 2223 1019 2276; x_wconf 87' lang='lat' dir='ltr'>fune</span> <span class='ocrx_word' id='word_1_142' title='bbox 1037 2223 1198 2289; x_wconf 89' lang='lat' dir='ltr'>columbam,</span> 
     </span>
     <span class='ocr_line' id='line_1_23' title="bbox 460 2299 1166 2368; baseline 0.001 -17"><span class='ocrx_word' id='word_1_143' title='bbox 460 2301 519 2363; x_wconf 79' lang='lat' dir='ltr'>Quo</span> <span class='ocrx_word' id='word_1_144' title='bbox 536 2299 652 2354; x_wconf 86' lang='lat' dir='ltr'>tendant</span> <span class='ocrx_word' id='word_1_145' title='bbox 669 2302 780 2366; x_wconf 77' lang='lat' dir='ltr'>terrina,</span> <span class='ocrx_word' id='word_1_146' title='bbox 800 2300 871 2353; x_wconf 86' lang='lat' dir='ltr'>malo</span> <span class='ocrx_word' id='word_1_147' title='bbox 889 2299 1033 2368; x_wconf 85' lang='lat' dir='ltr'>suspendit</span> <span class='ocrx_word' id='word_1_148' title='bbox 1049 2299 1085 2353; x_wconf 87' lang='lat' dir='ltr'>ab</span> <span class='ocrx_word' id='word_1_149' title='bbox 1103 2299 1166 2353; x_wconf 88' lang='lat' dir='ltr'>alto.</span> 
     </span>
     <span class='ocr_line' id='line_1_24' title="bbox 459 2375 1311 2443; baseline -0.002 -15"><span class='ocrx_word' id='word_1_150' title='bbox 459 2375 616 2430; x_wconf 79' lang='lat' dir='ltr'>Convenere</span> <span class='ocrx_word' id='word_1_151' title='bbox 633 2376 691 2441; x_wconf 86' lang='lat' dir='ltr'>viri,</span> <span class='ocrx_word' id='word_1_152' title='bbox 709 2376 898 2443; x_wconf 66' lang='lat' dir='ltr'>deiectamque</span> <span class='ocrx_word' id='word_1_153' title='bbox 916 2391 996 2429; x_wconf 89' lang='lat' dir='ltr'>aerea</span> <span class='ocrx_word' id='word_1_154' title='bbox 1014 2378 1116 2430; x_wconf 87' lang='lat' dir='ltr'>sortem</span> <span class='ocrx_word' id='word_1_155' title='bbox 1276 2385 1311 2426; x_wconf 81' lang='lat' dir='ltr'>see</span> 
     </span>
     <span class='ocr_line' id='line_1_25' title="bbox 462 2445 1210 2519; baseline 0.003 -16"><span class='ocrx_word' id='word_1_156' title='bbox 462 2452 576 2519; x_wconf 82' lang='lat' dir='ltr'>Accepit</span> <span class='ocrx_word' id='word_1_157' title='bbox 593 2452 685 2519; x_wconf 81' lang='lat' dir='ltr'>galea3</span> <span class='ocrx_word' id='word_1_158' title='bbox 703 2460 732 2506; x_wconf 85' lang='lat' dir='ltr'>et</span> <span class='ocrx_word' id='word_1_159' title='bbox 751 2452 854 2519; x_wconf 87' lang='lat' dir='ltr'>primus</span> <span class='ocrx_word' id='word_1_160' title='bbox 873 2451 990 2505; x_wconf 86' lang='lat' dir='ltr'>elamore</span> <span class='ocrx_word' id='word_1_161' title='bbox 1008 2451 1128 2505; x_wconf 89' lang='lat' dir='ltr'>secunde</span> <span class='ocrx_word' id='word_1_162' title='bbox 1207 2445 1210 2452; x_wconf 75' lang='grc'><strong>’</strong></span> 
     </span>
     <span class='ocr_line' id='line_1_26' title="bbox 461 2527 1211 2596; baseline 0 -17"><span class='ocrx_word' id='word_1_163' title='bbox 461 2527 626 2593; x_wconf 77' lang='lat' dir='ltr'>Hyrtacidae</span> <span class='ocrx_word' id='word_1_164' title='bbox 643 2530 708 2580; x_wconf 87' lang='lat' dir='ltr'>ante</span> <span class='ocrx_word' id='word_1_165' title='bbox 725 2527 812 2580; x_wconf 90' lang='lat' dir='ltr'>omnis</span> <span class='ocrx_word' id='word_1_166' title='bbox 829 2527 888 2581; x_wconf 86' lang='lat' dir='ltr'>exit</span> <span class='ocrx_word' id='word_1_167' title='bbox 906 2529 980 2581; x_wconf 84' lang='lat' dir='ltr'>locus</span> <span class='ocrx_word' id='word_1_168' title='bbox 999 2527 1211 2596; x_wconf 86' lang='lat' dir='ltr'>Hippocoontis;</span> 
     </span>
     <span class='ocr_line' id='line_1_27' title="bbox 459 2602 1202 2668; baseline 0.001 -13"><span class='ocrx_word' id='word_1_169' title='bbox 459 2603 547 2668; x_wconf 83' lang='lat' dir='ltr'>Quem</span> <span class='ocrx_word' id='word_1_170' title='bbox 564 2602 645 2657; x_wconf 90' lang='lat' dir='ltr'>modo</span> <span class='ocrx_word' id='word_1_171' title='bbox 662 2605 750 2657; x_wconf 79' lang='lat' dir='ltr'>nauali</span> <span class='ocrx_word' id='word_1_172' title='bbox 769 2603 931 2657; x_wconf 87' lang='lat' dir='ltr'>Mnestheus</span> <span class='ocrx_word' id='word_1_173' title='bbox 948 2604 1099 2658; x_wconf 89' lang='lat' dir='ltr'>certamine</span> <span class='ocrx_word' id='word_1_174' title='bbox 1115 2604 1202 2657; x_wconf 81' lang='lat' dir='ltr'>victor</span> 
     </span>
     <span class='ocr_line' id='line_1_28' title="bbox 459 2678 1165 2748; baseline 0 -15"><span class='ocrx_word' id='word_1_175' title='bbox 459 2678 650 2748; x_wconf 83' lang='lat' dir='ltr'>Consequitur,</span> <span class='ocrx_word' id='word_1_176' title='bbox 667 2678 749 2733; x_wconf 81' lang='lat' dir='ltr'>viridi</span> <span class='ocrx_word' id='word_1_177' title='bbox 766 2679 928 2734; x_wconf 86' lang='lat' dir='ltr'>Mnestheus</span> <span class='ocrx_word' id='word_1_178' title='bbox 946 2680 1070 2734; x_wconf 81' lang='lat' dir='ltr'>evinctus</span> <span class='ocrx_word' id='word_1_179' title='bbox 1088 2679 1165 2733; x_wconf 84' lang='lat' dir='ltr'>oliva</span> 
     </span>
     <span class='ocr_line' id='line_1_29' title="bbox 458 2754 1311 2825; baseline 0.002 -18"><span class='ocrx_word' id='word_1_180' title='bbox 458 2754 567 2809; x_wconf 79' lang='lat' dir='ltr'>Tertius</span> <span class='ocrx_word' id='word_1_181' title='bbox 585 2756 724 2825; x_wconf 78' lang='lat' dir='ltr'>Eurytion,</span> <span class='ocrx_word' id='word_1_182' title='bbox 742 2759 814 2823; x_wconf 88' lang='lat' dir='ltr'>tuus,</span> <span class='ocrx_word' id='word_1_183' title='bbox 832 2772 849 2807; x_wconf 93' lang='lat' dir='ltr'>e</span> <span class='ocrx_word' id='word_1_184' title='bbox 867 2756 1022 2824; x_wconf 85' lang='lat' dir='ltr'>clarissime,</span> <span class='ocrx_word' id='word_1_185' title='bbox 1040 2755 1134 2823; x_wconf 84' lang='lat' dir='ltr'>frater,</span> <span class='ocrx_word' id='word_1_186' title='bbox 1275 2768 1311 2809; x_wconf 74' lang='lat' dir='ltr'>ses</span> 
     </span>
     <span class='ocr_line' id='line_1_30' title="bbox 459 2830 1231 2902; baseline 0.004 -19"><span class='ocrx_word' id='word_1_187' title='bbox 459 2831 590 2896; x_wconf 89' lang='lat' dir='ltr'>Pandare,</span> <span class='ocrx_word' id='word_1_188' title='bbox 609 2833 656 2901; x_wconf 94' lang='lat' dir='ltr'>qui</span> <span class='ocrx_word' id='word_1_189' title='bbox 673 2832 817 2902; x_wconf 89' lang='lat' dir='ltr'>quondam,</span> <span class='ocrx_word' id='word_1_190' title='bbox 835 2833 924 2887; x_wconf 89' lang='lat' dir='ltr'>iussus</span> <span class='ocrx_word' id='word_1_191' title='bbox 943 2833 1110 2886; x_wconf 86' lang='lat' dir='ltr'>confundere</span> <span class='ocrx_word' id='word_1_192' title='bbox 1127 2830 1231 2897; x_wconf 81' lang='lat' dir='ltr'>foedus,</span> 
     </span>
     <span class='ocr_line' id='line_1_31' title="bbox 459 2908 1108 2978; baseline 0.002 -17"><span class='ocrx_word' id='word_1_193' title='bbox 459 2908 492 2961; x_wconf 93' lang='lat' dir='ltr'>ln</span> <span class='ocrx_word' id='word_1_194' title='bbox 510 2909 615 2962; x_wconf 89' lang='lat' dir='ltr'>medios</span> <span class='ocrx_word' id='word_1_195' title='bbox 631 2910 716 2963; x_wconf 87' lang='lat' dir='ltr'>telum</span> <span class='ocrx_word' id='word_1_196' title='bbox 735 2908 840 2963; x_wconf 89' lang='lat' dir='ltr'>torsisti</span> <span class='ocrx_word' id='word_1_197' title='bbox 856 2910 961 2978; x_wconf 90' lang='lat' dir='ltr'>primus</span> <span class='ocrx_word' id='word_1_198' title='bbox 981 2908 1108 2963; x_wconf 82' lang='lat' dir='ltr'>Achivos</span> 
     </span>
     <span class='ocr_line' id='line_1_32' title="bbox 459 2984 1113 3054; baseline 0.006 -18"><span class='ocrx_word' id='word_1_199' title='bbox 459 2984 605 3039; x_wconf 80' lang='lat' dir='ltr'>lintremus</span> <span class='ocrx_word' id='word_1_200' title='bbox 622 2986 755 3054; x_wconf 86' lang='lat' dir='ltr'>galeaque</span> <span class='ocrx_word' id='word_1_201' title='bbox 772 2986 828 3039; x_wconf 87' lang='lat' dir='ltr'>ima</span> <span class='ocrx_word' id='word_1_202' title='bbox 845 2986 970 3039; x_wconf 87' lang='lat' dir='ltr'>subsedit</span> <span class='ocrx_word' id='word_1_203' title='bbox 989 2988 1113 3052; x_wconf 88' lang='lat' dir='ltr'>Acestes,</span> 
     </span>
     <span class='ocr_line' id='line_1_33' title="bbox 459 3061 1220 3131; baseline -0.001 -17"><span class='ocrx_word' id='word_1_204' title='bbox 459 3063 550 3122; x_wconf 77' lang='lat' dir='ltr'>Ausus</span> <span class='ocrx_word' id='word_1_205' title='bbox 568 3065 598 3115; x_wconf 88' lang='lat' dir='ltr'>et</span> <span class='ocrx_word' id='word_1_206' title='bbox 615 3062 674 3129; x_wconf 91' lang='lat' dir='ltr'>ipse</span> <span class='ocrx_word' id='word_1_207' title='bbox 691 3078 773 3116; x_wconf 90' lang='lat' dir='ltr'>mauu</span> <span class='ocrx_word' id='word_1_208' title='bbox 789 3062 918 3115; x_wconf 86' lang='lat' dir='ltr'>iuvenum</span> <span class='ocrx_word' id='word_1_209' title='bbox 936 3065 1075 3131; x_wconf 87' lang='lat' dir='ltr'>temptare</span> <span class='ocrx_word' id='word_1_210' title='bbox 1092 3061 1220 3115; x_wconf 90' lang='lat' dir='ltr'>laborem.</span> 
     </span>
     <span class='ocr_line' id='line_1_34' title="bbox 448 3133 1311 3192; baseline 0.003 -3"><span class='ocrx_word' id='word_1_211' title='bbox 448 3133 525 3189; x_wconf 82' lang='lat' dir='ltr'>&#39;Tum</span> <span class='ocrx_word' id='word_1_212' title='bbox 543 3138 639 3191; x_wconf 86' lang='lat' dir='ltr'>validis</span> <span class='ocrx_word' id='word_1_213' title='bbox 656 3138 741 3191; x_wconf 84' lang='lat' dir='ltr'>flexos</span> <span class='ocrx_word' id='word_1_214' title='bbox 759 3139 903 3192; x_wconf 85' lang='lat' dir='ltr'>incurvant</span> <span class='ocrx_word' id='word_1_215' title='bbox 920 3137 1024 3191; x_wconf 84' lang='lat' dir='ltr'>viribus</span> <span class='ocrx_word' id='word_1_216' title='bbox 1041 3154 1120 3192; x_wconf 89' lang='lat' dir='ltr'>arcus</span> <span class='ocrx_word' id='word_1_217' title='bbox 1275 3151 1311 3192; x_wconf 76' lang='lat' dir='ltr'>sm</span> 
     </span>
     <span class='ocr_line' id='line_1_35' title="bbox 458 3212 1233 3284; baseline -0.001 -19"><span class='ocrx_word' id='word_1_218' title='bbox 458 3212 511 3266; x_wconf 89' lang='lat' dir='ltr'>Pro</span> <span class='ocrx_word' id='word_1_219' title='bbox 529 3229 559 3267; x_wconf 90' lang='lat' dir='ltr'>se</span> <span class='ocrx_word' id='word_1_220' title='bbox 577 3214 692 3283; x_wconf 91' lang='lat' dir='ltr'>quisque</span> <span class='ocrx_word' id='word_1_221' title='bbox 709 3216 768 3283; x_wconf 81' lang='lat' dir='ltr'>viri,</span> <span class='ocrx_word' id='word_1_222' title='bbox 787 3219 816 3269; x_wconf 90' lang='lat' dir='ltr'>et</span> <span class='ocrx_word' id='word_1_223' title='bbox 834 3214 1000 3284; x_wconf 87' lang='lat' dir='ltr'>depromunt</span> <span class='ocrx_word' id='word_1_224' title='bbox 1018 3214 1075 3268; x_wconf 87' lang='lat' dir='ltr'>tela</span> <span class='ocrx_word' id='word_1_225' title='bbox 1091 3214 1233 3282; x_wconf 89' lang='lat' dir='ltr'>pharetris.</span> 
     </span>
     <span class='ocr_line' id='line_1_36' title="bbox 458 3288 1169 3358; baseline 0.003 -17"><span class='ocrx_word' id='word_1_226' title='bbox 458 3288 604 3357; x_wconf 88' lang='lat' dir='ltr'>Primaque</span> <span class='ocrx_word' id='word_1_227' title='bbox 621 3307 671 3358; x_wconf 89' lang='lat' dir='ltr'>per</span> <span class='ocrx_word' id='word_1_228' title='bbox 688 3292 793 3345; x_wconf 90' lang='lat' dir='ltr'>eaelum</span> <span class='ocrx_word' id='word_1_229' title='bbox 811 3306 896 3343; x_wconf 88' lang='lat' dir='ltr'>nervo</span> <span class='ocrx_word' id='word_1_230' title='bbox 914 3290 1049 3344; x_wconf 89' lang='lat' dir='ltr'>stridente</span> <span class='ocrx_word' id='word_1_231' title='bbox 1068 3290 1169 3357; x_wconf 85' lang='lat' dir='ltr'>sagitta</span> 
     </span>
     <span class='ocr_line' id='line_1_37' title="bbox 457 3365 1170 3433; baseline 0.001 -15"><span class='ocrx_word' id='word_1_232' title='bbox 457 3365 625 3433; x_wconf 77' lang='lat' dir='ltr'>Hyrtacidae</span> <span class='ocrx_word' id='word_1_233' title='bbox 642 3367 746 3420; x_wconf 83' lang='lat' dir='ltr'>iuvenis</span> <span class='ocrx_word' id='word_1_234' title='bbox 763 3365 880 3420; x_wconf 68' lang='lat' dir='ltr'>columis</span> <span class='ocrx_word' id='word_1_235' title='bbox 898 3365 1057 3421; x_wconf 86' lang='lat' dir='ltr'>diverberat</span> <span class='ocrx_word' id='word_1_236' title='bbox 1074 3380 1170 3432; x_wconf 84' lang='lat' dir='ltr'>auras;</span> 
     </span>
     <span class='ocr_line' id='line_1_38' title="bbox 454 3441 1121 3512; baseline 0.003 -19"><span class='ocrx_word' id='word_1_237' title='bbox 454 3441 493 3494; x_wconf 82' lang='lat' dir='ltr'>llt</span> <span class='ocrx_word' id='word_1_238' title='bbox 511 3442 593 3509; x_wconf 82' lang='lat' dir='ltr'>venit,</span> <span class='ocrx_word' id='word_1_239' title='bbox 613 3441 775 3512; x_wconf 86' lang='lat' dir='ltr'>adversique</span> <span class='ocrx_word' id='word_1_240' title='bbox 792 3442 917 3511; x_wconf 82' lang='lat' dir='ltr'>infigitur</span> <span class='ocrx_word' id='word_1_241' title='bbox 934 3442 1032 3497; x_wconf 89' lang='lat' dir='ltr'>arbore</span> <span class='ocrx_word' id='word_1_242' title='bbox 1049 3441 1121 3497; x_wconf 88' lang='lat' dir='ltr'>mali.</span> 
     </span>
     <span class='ocr_line' id='line_1_39' title="bbox 440 3515 1309 3591; baseline 0.005 -25"><span class='ocrx_word' id='word_1_243' title='bbox 440 3515 599 3575; x_wconf 83' lang='lat' dir='ltr'>Intremuit</span> <span class='ocrx_word' id='word_1_244' title='bbox 615 3519 714 3590; x_wconf 86' lang='lat' dir='ltr'>malus,</span> <span class='ocrx_word' id='word_1_245' title='bbox 733 3520 885 3591; x_wconf 90' lang='lat' dir='ltr'>timuitque</span> <span class='ocrx_word' id='word_1_246' title='bbox 902 3518 1039 3574; x_wconf 80' lang='lat' dir='ltr'>exterrita</span> <span class='ocrx_word' id='word_1_247' title='bbox 1052 3518 1150 3588; x_wconf 78' lang='lat' dir='ltr'>pennis</span> <span class='ocrx_word' id='word_1_248' title='bbox 1272 3534 1309 3571; x_wconf 82' lang='lat' dir='ltr'>sos</span> 
     </span>
     <span class='ocr_line' id='line_1_40' title="bbox 420 3589 1114 3679; baseline -0.019 -19"><span class='ocrx_word' id='word_1_249' title='bbox 420 3589 508 3679; x_wconf 51' lang='lat'><em>21⁶⁸,</em></span> <span class='ocrx_word' id='word_1_250' title='bbox 527 3597 561 3648; x_wconf 70' lang='lat' dir='ltr'>et</span> <span class='ocrx_word' id='word_1_251' title='bbox 578 3595 693 3665; x_wconf 84' lang='lat' dir='ltr'>ingenti</span> <span class='ocrx_word' id='word_1_252' title='bbox 711 3603 875 3657; x_wconf 82' lang='lat' dir='ltr'>sonuerrmt</span> <span class='ocrx_word' id='word_1_253' title='bbox 893 3598 990 3655; x_wconf 84' lang='lat' dir='ltr'>omnia</span> <span class='ocrx_word' id='word_1_254' title='bbox 1005 3596 1114 3665; x_wconf 80' lang='lat' dir='ltr'>plausu</span> 
     </span>
     <span class='ocr_line' id='line_1_41' title="bbox 438 3670 1191 3738; baseline 0.007 -12"><span class='ocrx_word' id='word_1_255' title='bbox 438 3670 489 3720; x_wconf 70' lang='lat' dir='ltr'>ost</span> <span class='ocrx_word' id='word_1_256' title='bbox 505 3683 582 3728; x_wconf 83' lang='lat' dir='ltr'>acer</span> <span class='ocrx_word' id='word_1_257' title='bbox 598 3674 782 3738; x_wconf 86' lang='lat' dir='ltr'>Mnestheus</span> <span class='ocrx_word' id='word_1_258' title='bbox 801 3680 942 3737; x_wconf 87' lang='lat' dir='ltr'>adducto</span> <span class='ocrx_word' id='word_1_259' title='bbox 959 3673 1095 3732; x_wconf 74' lang='lat' dir='ltr'>constitit</span> <span class='ocrx_word' id='word_1_260' title='bbox 1109 3682 1191 3731; x_wconf 57' lang='lat' dir='ltr'>archs</span> 
     </span>
    </p>
   </div>
   <div class='ocr_carea' id='block_1_3' title="bbox 0 0 1738 4367">
    <p class='ocr_par' dir='ltr' id='par_1_3' title="bbox 0 0 1738 4367">
     <span class='ocr_line' id='line_1_42' title="bbox 0 0 1738 4367; baseline 0 4"><span class='ocrx_word' id='word_1_261' title='bbox 0 0 1738 4367; x_wconf 95' lang='lat' dir='ltr'> </span> 
     </span>
    </p>
   </div>
  </div>
 </body>
</html>
