3467 4367
457 654 505 703 28⁰
679 652 709 700 P.
727 650 880 698 VERGILI
899 649 1066 715 MARONIS

456 731 527 786 (lum
543 732 637 785 tamm
654 730 774 800 ingentis
793 730 958 784 Rutulorum
976 730 1077 800 linquis
1093 736 1219 788 acervos!

491 807 550 860 Nec
567 807 622 860 iam
639 808 712 861 fama
729 804 793 858 mali
811 806 889 873 tanti,
909 806 959 860 sed
977 808 1083 861 certior
1095 810 1190 862 auctor
1270 823 1308 863 sm

457 882 579 937 Advolat
597 884 716 950 Aeneae,
733 882 810 935 tenui
828 881 985 936 discrimine
1002 883 1051 937 leti

456 960 525 1012 Esse
543 975 617 1024 suos3
634 962 750 1028 tempus,
769 958 855 1012 versia
874 974 1032 1013 succurrere
1050 959 1170 1014 Teucris.

457 1035 594 1088 Proxuma
611 1051 736 1103 quaeque
754 1034 835 1087 metit
852 1033 952 1102 gladio,
970 1033 1112 1102 latumque
1128 1051 1179 1103 per
1196 1051 1295 1104 agmen

457 1110 567 1163 Ardons
583 1110 701 1164 limitem
719 1109 777 1178 agit
794 1110 874 1176 ferro,
892 1111 929 1178 te,
947 1110 1046 1178 Turne,
1064 1110 1213 1180 superbum

457 1185 551 1240 ande
568 1202 639 1240 nova
656 1202 799 1255 quaerens.
836 1185 933 1251 Pallas,
952 1185 1087 1255 Euander,
1105 1187 1133 1239 in
1152 1187 1218 1256 ipsis
1270 1202 1308 1242 515

456 1261 556 1316 Omnia
573 1265 638 1316 suut
655 1261 747 1328 oculis,
765 1276 884 1328 mensae,
903 1278 970 1330 quas
987 1261 1093 1315 advena
1110 1261 1214 1330 primas

456 1337 531 1391 Tunc
548 1336 625 1405 adiit,
643 1337 813 1404 dextraeque
831 1336 920 1391 datae.
957 1337 1085 1391 Sulmone
1102 1341 1209 1392 creatos

456 1412 594 1477 Quattuor
610 1413 656 1467 hic
672 1413 792 1479 iuvenes,
810 1411 935 1480 totidem,
953 1428 1021 1481 quos
1039 1412 1139 1467 educat
1157 1413 1253 1482 Ufens,

456 1488 582 1544 Viventis
599 1490 681 1559 rapit,
700 1488 810 1542 inferias
828 1503 898 1556 quos
914 1488 1036 1542 immolet
1054 1488 1165 1557 umbris,

456 1564 702 1633 Captivoque‘rogi
719 1564 867 1633 perfundat
884 1564 1015 1632 sanguine
1031 1564 1160 1619 flammas.
1269 1580 1308 1620 oto

456 1640 527 1694 inde
545 1641 628 1709 Mago
644 1640 738 1709 procul
757 1640 889 1693 infensam
907 1640 1086 1695 contenderat
1103 1641 1218 1696 hastam.

459 1716 510 1769 llle
527 1719 590 1770 astu
607 1716 700 1780 subit3
718 1718 748 1768 at
765 1714 942 1768 tremibunda
959 1717 1115 1786 supervolat
1132 1716 1224 1784 haata;

456 1792 492 1845 Et
508 1808 598 1859 genua
614 1790 782 1859 amplectens
799 1789 898 1843 effatur
915 1791 983 1845 talia
1000 1792 1130 1861 supplex:

457 1867 510 1921 Per
527 1866 631 1936 patrios
649 1866 739 1919 Manis
757 1869 786 1920 et
803 1881 865 1934 spes
883 1867 1022 1934 surgentis
1040 1867 1094 1922 luli

455 1943 494 1997 'l'e
510 1959 613 2012 precor,
630 1942 700 1997 hauc
717 1943 834 1995 animam
853 1957 946 1998 serves
962 1947 1100 2013 gnatoque
1117 1944 1255 2014 patrique.
1269 1958 1307 1998 tat

455 2018 506 2073 Est
524 2020 620 2073 domus
637 2017 710 2083 alta;
727 2018 818 2071 iacent
835 2017 947 2086 penitus
965 2018 1073 2073 defossa
1090 2019 1194 2074 talenta

456 2094 561 2149 (laelati
579 2094 707 2164 argenti;
725 2096 789 2147 arunt
807 2093 867 2147 auri
886 2093 1008 2162 pondera
1025 2094 1091 2149 iacti

456 2170 610 2241 Infectique
627 2170 700 2224 mihi.
736 2169 763 2222 N
764 2186 799 2223 ou
816 2169 861 2223 hic
878 2169 992 2224 victoria
1009 2172 1141 2225 Teucrum

455 2246 591 2313 Vertitur,
609 2250 657 2301 aut
674 2246 764 2299 anima
780 2262 836 2299 una
853 2245 931 2299 dabit
949 2246 1104 2300 discrimina
1121 2249 1205 2301 tanta

455 2322 575 2377 Dixerat.
613 2323 722 2377 Aeneas
739 2324 834 2375 contra
851 2322 896 2375 cui
913 2322 980 2376 talia
996 2322 1108 2377 reddit:
1270 2338 1308 2377 sao

456 2399 572 2467 Argenti
590 2402 674 2467 atque
691 2398 750 2451 auri
768 2414 903 2451 memoras
921 2414 991 2467 quae
1010 2398 1097 2452 multa
1114 2398 1225 2467 talenta

455 2475 553 2529 Gnatis
569 2491 650 2541 parce
667 2474 730 2528 tuis.
768 2474 839 2527 Belli
856 2475 1019 2528 commercia
1037 2475 1143 2528 Turnus
1161 2517 1165 2524 .

455 2550 571 2604 Sustulit
588 2550 642 2603 ista
659 2550 733 2618 prior
749 2549 805 2602 iam
822 2552 883 2603 tum
902 2549 1026 2605 Pallante
1043 2554 1193 2619 perempto.

455 2626 517 2679 Hoc
534 2626 622 2693 patris
641 2625 778 2679 Anchisae
796 2625 901 2693 Manes,
918 2624 969 2679 hoc
987 2626 1073 2680 sentit
1091 2625 1174 2681 Iulus.

455 2700 499 2755 Sic
515 2702 588 2755 fatus
604 2696 711 2769 galeam
728 2699 806 2754 laeva
822 2704 908 2768 tenet,
926 2706 1010 2769 atque
1027 2701 1130 2756 reflexa
1269 2719 1307 2759 sas

455 2778 567 2832 Cervico
584 2776 687 2831 orantis
702 2777 800 2846 capulo
817 2779 899 2831 tenus
916 2778 1036 2845 adplicat
1054 2795 1153 2832 ensem

454 2853 513 2907 Nec
530 2853 623 2924 procul
642 2853 836 2919 Haemonides,
856 2853 960 2907 Phoebi
979 2853 1139 2922 Triviaeque
1157 2854 1293 2922 sacerdos,

455 2930 546 2984 Insula
563 2930 606 2984 cui
625 2946 702 2983 sacra
719 2928 866 2983 redimibat
883 2931 1009 2998 tempora
1027 2932 1103 2995 vitta,

454 3006 538 3059 'lotus
556 3006 699 3059 conlucens
716 3008 793 3059 veste
811 3009 896 3073 atque
912 3005 1064 3073 insignibus
1078 3005 1169 3060 armis.

454 3081 542 3145 Quom
553 3097 715 3149 congressus
727 3081 785 3149 agit
794 3097 897 3149 campo,
909 3080 1070 3150 lapsumque
1082 3083 1242 3149 superstans
1268 3097 1308 3138 tto

454 3157 591 3224 Immolat,
610 3157 769 3226 ingentique
787 3155 886 3209 umbra
903 3156 988 3224 tegit;
1006 3173 1082 3211 arma
1100 3158 1226 3211 Serestus

453 3234 539 3287 Lecta
556 3234 641 3287 refert
658 3233 786 3300 humeris,
804 3232 864 3300 tibi,
883 3249 933 3287 rex
952 3233 1078 3300 Gradive,
1097 3237 1250 3302 tropaeum.

453 3310 614 3363 Instaurant
631 3309 703 3362 acies
721 3308 834 3363 Volcani
851 3309 937 3377 stirpe
954 3312 1063 3363 creatus

453 3386 587 3440 Caecilius
605 3384 762 3440 et-veniens
781 3384 934 3439 Marsorum
952 3385 1091 3439 montibus
1107 3383 1221 3439 Umbro.

440 3461 623 3517 Dardanides
641 3462 739 3516 contra
755 3459 833 3516 furit.
873 3461 992 3514 Anxuris
1009 3477 1074 3514 ense
1092 3459 1231 3514 sinistram
1268 3476 1306 3517 tls

424 3535 469 3593 Et
487 3542 582 3597 totum
604 3541 690 3614 clipei
711 3543 789 3600 forro
809 3539 953 3595 deiecerat
970 3537 1121 3600 orbem-,—

417 3611 548 3677 Dixerat
563 3622 620 3680 illo
637 3623 755 3697 aliquid
775 3634 927 3692 magnum,
943 3614 1062 3683 vimque
1077 3609 1174 3661 ΜΝ
1186 3606 1275 3658 Vm

433 3694 603 3770 lvdiderat,
627 3705 780 3782 caeloque
802 3700 940 3759 animum
955 3692 1084 3748 tortasse
1097 3679 1219 3739 larebat,
