3467 4367
484 623 530 666 llb
723 622 753 670 Ρ.
772 622 928 672 VERGILI
946 624 1113 674 MARONIS

483 700 586 754 Emere
604 702 738 769 agricolae
754 704 896 769 certatim3
913 704 960 758 illa
977 721 1064 774 usque
1082 707 1203 762 minatur

482 777 519 831 Et
537 780 697 833 tremefacta
715 797 819 834 comam
838 797 967 835 concusso
985 783 1088 836 vertice
1104 787 1194 853 nutat,

482 854 647 909 Volneribns
665 855 752 911 donec
768 858 901 925 paulatim
919 859 1008 912 euicta
1025 875 1184 928 supremum
1309 869 1343 909 ⁶³⁰

482 931 643 998 Congemuit
660 934 802 1001 traxitque
819 934 891 1001 iugis
909 936 1001 988 avolsa
1017 935 1131 990 ruinam

482 1006 631 1076 Descende,
649 1025 681 1062 ac
699 1009 817 1064 ducente
835 1010 888 1064 deo
906 1010 1042 1064 flammam
1059 1010 1133 1065 inter
1153 1014 1183 1066 et
1199 1013 1290 1069 hostis

481 1084 634 1152 Expedi0r;
651 1085 719 1140 dant
737 1087 793 1139 tela
812 1081 908 1153 locum,
927 1087 1108 1156 flammaeque
1125 1089 1272 1145 recedunt.

516 1164 610 1230 Atque
628 1162 675 1216 nbi
693 1163 748 1215 iam
765 1163 872 1231 patriae
889 1167 1051 1231 perventum
1068 1164 1105 1217 ad
1117 1163 1218 1219 'limina
1236 1166 1313 1221 sedis

481 1239 673 1307 Antiquasqne
686 1239 788 1304 domos,
800 1241 917 1307 genitor,
929 1257 1012 1308 quem
1024 1241 1121 1295 tollere
1132 1242 1160 1294 iu
1172 1242 1246 1296 altos
1304 1258 1341 1298 (ee

481 1314 617 1382 Optabam
635 1316 753 1383 primum
772 1316 872 1370 montis
890 1317 1063 1385 primumque
1080 1318 1227 1393 petebam,

481 1391 609 1459 Abnegat
627 1393 717 1446 excisa
734 1394 819 1446 vitam
836 1393 988 1462 producere
1008 1394 1087 1447 'l'roia
1132 1390 1134 1393 ⁴

480 1467 667 1537 Exsiliumque
686 1471 750 1538 pati.
787 1470 845 1522 Vos
863 1486 887 1535 o,
906 1470 1006 1537 quibus
1023 1470 1131 1537 integer
1148 1467 1217 1523 aeri

480 1544 600 1612 Sangada,
619 1546 665 1611 ait,
684 1545 842 1614 solidaeque
860 1562 909 1598 suo
927 1548 1002 1599 stant
1019 1545 1117 1598 robore
1134 1545 1214 1614 sires,

480 1620 537 1673 Vos
555 1622 657 1689 agitate
675 1622 776 1689 fugam.
1300 1639 1339 1680 eto

479 1697 526 1751 Me
544 1698 566 1750 si
584 1698 726 1751 caelicolae
744 1699 894 1752 volnissent
912 1699 1012 1752 ducere
1030 1699 1122 1768 vitam,

479 1774 539 1827 Has
556 1775 622 1827 mihi
641 1778 796 1828 serrassent
814 1774 901 1828 sedes.
937 1774 1012 1829 Satis
1029 1792 1084 1829 una
1100 1793 1241 1846 superque

479 1850 604 1903 Vidimus
622 1850 743 1903 exscidia
760 1855 789 1904 et
806 1854 903 1919 captae
921 1852 1106 1918 superavimus
1124 1853 1209 1938 urbis

478 1927 523 1981 Sic
541 1944 564 1992 o,
583 1928 621 1979 sie
639 1926 758 1994 positum
776 1926 863 1980 adfati
881 1927 1013 1981 discedite
1031 1943 1136 1996 eorpus.

479 2003 543 2071 Ipse
561 2020 642 2064 uranu
660 2007 778 2056 mortem
795 2004 946 2069 iuveniam;
964 2004 1141 2058 miserebitur
1158 2005 1247 2062 hostis
1299 2023 1339 2065 ete

478 2080 649 2149 Exuviasque
666 2083 760 2148 petet3
777 2080 863 2134 facilis
881 2081 986 2134 iactura
1004 2080 1148 2149 sepulchri.

478 2157 538 2210 Iam
555 2156 663 2226 pridem
680 2157 783 2211 inrisus
801 2157 872 2210 diris
890 2160 919 2210 et
937 2156 1042 2210 inutilis
1053 2157 1145 2226 ianuas

478 2233 617 2301 Demeror,
636 2251 670 2287 ex
689 2250 743 2301 quo
760 2250 804 2287 me
823 2233 913 2286 divom
932 2235 1012 2301 pater
1027 2229 1112 2302 atque
1127 2234 1270 2308 hominum
1285 2253 1338 2293 rex

478 2310 610 2363 Fulminis
627 2309 739 2363 adflavit
757 2310 845 2363 ventis
863 2313 892 2363 et
910 2309 1026 2377 contigit
1043 2310 1145 2441 igniffl
1329 2337 1357 2396 v'

511 2387 586 2439 Talia
603 2386 745 2453 perstabat
762 2401 921 2453 memorans,
940 2386 1064 2454 fixusque
1146 2388 1221 2443 ebat.
1301 2403 1341 2446 teo

477 2462 534 2515 Nos
552 2466 647 2515 contra
665 2463 741 2514 cffirsi
759 2461 879 2515 lacrimis
896 2462 1068 2531 coniunxque
1086 2464 1191 2518 Creusa

477 2540 666 2606 Ascaniusque
684 2540 824 2606 omnisque
842 2539 947 2605 domus,
966 2556 1001 2594 ne
1018 2543 1127 2593 vertere
1144 2550 1239 2598 secum

477 2615 581 2669 Cuncta
598 2618 678 2683 pater
695 2615 807 2683 fatoque
824 2616 953 2683 urguenti
971 2616 1128 2670 incumbere
1144 2616 1239 2673 vellet.

477 2691 614 2759 Abnegat,
632 2692 794 2760 inceptoque
812 2696 841 2745 ct
859 2692 969 2745 sedibus
987 2691 1084 2745 haeret
1099 2692 1130 2746 iu
1146 2693 1244 2749 isdem.

477 2768 582 2822 Rursus
593 2768 622 2821 in
634 2784 709 2821 anna
721 2769 799 2833 seror,
812 2772 984 2838 mortemque
996 2769 1165 2823 miserrimus
1176 2774 1250 2839 opto,
1299 2786 1338 2826 ωε

477 2846 548 2899 Nam
566 2846 640 2913 quod
658 2846 798 2899 consilium
816 2849 864 2899 aut
884 2862 954 2914 quae
971 2846 1025 2898 iam
1043 2845 1153 2899 somnne
1171 2845 1310 2904 dabaturl

477 2922 558 2976 hicne
576 2923 673 2976 efferre
690 2922 796 2991 pedem,
815 2922 930 2990 genitor,
949 2926 978 2977 te
995 2939 1075 2993 posse
1093 2921 1190 2977 relicte

477 2999 606 3067 Sperasti,
625 3003 787 3067 tantumque
805 3000 882 3052 nefas
899 2999 989 3066 patrio
1007 2998 1110 3053 excidit
1128 3000 1217 3080 orsp
1241 3059 1253 3066 ‚

477 3075 504 3128 Si
522 3075 587 3128 nihil
605 3091 640 3128 cx
657 3077 736 3128 tauta
754 3075 867 3144 Superis
884 3075 975 3143 placet
992 3074 1061 3129 urbe
1078 3075 1204 3143 relinqui,

476 3151 513 3204 Et
531 3151 609 3205 sedet
626 3151 678 3205 hoc
695 3152 793 3219 animo,
811 3152 1006 3219 perituraeque
1024 3151 1128 3206 addere
1146 3150 1245 3208 Troiae
1298 3167 1360 3212 m.

476 3227 568 3297 'leque
586 3231 703 3295 tuosque
719 3228 802 3294 iuvat,
820 3231 898 3296 patet
915 3228 962 3280 isti
980 3227 1060 3281 ianua
1077 3227 1140 3295 leto,

476 3304 591 3372 lamque
609 3303 699 3357 aderit
716 3304 803 3358 multo
823 3304 923 3357 Priami
943 3304 978 3357 de
996 3304 1126 3371 sanguiue
1145 3302 1276 3376 Pyrrhus,

476 3380 595 3434 Gnatum
609 3383 673 3433 ante
685 3397 733 3433 ora
745 3382 840 3449 patris,
852 3385 959 3449 patrem
973 3380 1019 3448 qui
1032 3378 1227 3434 obtruncatur
1237 3395 1310 3438 nm

467 3456 533 3509 Hoc
550 3459 616 3522 erat
636 3457 710 3511 alma
728 3473 834 3527 parcns,
854 3456 930 3526 quod
946 3473 990 3510 mo
1006 3473 1057 3525 per
1075 3456 1140 3522 tela,
1157 3471 1209 3523 per
1225 3455 1305 3525 ignis·

449 3529 554 3603 Elrpiq
575 3538 609 3590 ut
628 3536 733 3593 mediis
751 3537 868 3592 hostem
885 3536 915 3589 in
932 3532 1235 3604 penetrahnuaumpe
1302 3545 1343 3582 u

433 3606 599 3669 Ascanium
618 3621 807 3689 patremque
823 3631 928 3672 meum
945 3611 1087 3675 iuxtaque
1103 3603 1243 3681 brennam

370 3709 374 3768 ξ
417 3678 567 3747 Alterum
590 3694 623 3751 in
643 3698 784 3755 alterius
804 3696 962 3754 mactatos
981 3680 1125 3751 sanz*lxm
1141 3667 1276 3725 “mm
