3467 4367
685 642 868 691 AENEIDCS
885 642 955 692 LIB.
973 640 1025 692 XI.
1232 644 1280 692 ³05

431 726 542 792 labere,
563 725 695 793 Nympha,
712 724 783 793 polo,
800 724 918 792 finisque
935 722 1022 779 invise
1039 722 1159 791 Latinos,

430 802 526 855 'l'ristis
543 802 590 854 ubi
609 802 728 854 infausto
745 800 928 854 committitur
944 800 1035 855 omine
1051 815 1151 868 pugna.

431 878 508 931 Haec
519 895 593 946 cape,
606 881 635 931 ct
647 877 773 931 ultricem
784 876 916 945 pharetra
928 876 1059 945 deprome
1071 875 1215 943 sagittam:
1244 889 1282 929 aaa

431 953 497 1021 Hac,
517 954 687 1022 quicumque¹
699 969 805 1006 sacrum
823 952 932 1006 viomnt
949 952 1060 1006 volnere
1077 966 1184 1021 corpus,

430 1031 496 1082 Tros
516 1030 644 1096 ltalusve,
662 1029 730 1081 mihi
747 1029 852 1096 pariter
869 1028 918 1082 det
936 1029 1066 1098 sanguine
1084 1042 1193 1097 poenas

431 1105 497 1159 Post
515 1121 565 1173 ego
582 1104 655 1158 nube
673 1120 739 1157 cava
755 1104 926 1158 miserandae
944 1120 1043 1173 corpus
1060 1108 1090 1159 et
1107 1118 1185 1164 arma
1215 1125 1219 1130 ’

432 1181 580 1248 inspoliata
597 1180 683 1234 feram
700 1180 814 1245 tumulo,
832 1180 994 1249 patriaeque
1012 1196 1149 1254 reponam

430 1257 523 1321 Dixit3
541 1260 571 1311 at
587 1256 634 1311 illa
651 1256 719 1310 levis
736 1255 804 1310 caeli
823 1255 935 1323 delapsa
952 1271 1002 1324 per
1019 1272 1099 1309 auras
1246 1267 1283 1307 aas

431 1333 564 1400 lnsouuit,
582 1333 660 1401 nigro
677 1332 846 1387 circumdata
863 1329 975 1386 turbine
992 1347 1098 1401 corpus.

470 1411 511 1462 At
529 1425 626 1462 manus
642 1409 749 1463 interea
766 1408 852 1461 muris
870 1407 986 1460 Troiana
1002 1406 1167 1475 propinquat
1240 1445 1246 1456 ,

431 1485 595 1552 Etruscique
612 1483 695 1537 duces
713 1484 894 1552 equitumque
911 1483 1048 1537 exercitus
1066 1483 1160 1550 omnis,

431 1560 572 1627 Conpositi
589 1575 702 1612 numero
719 1559 747 1612 in
765 1560 877 1612 turmas.
914 1559 1019 1613 Fremit
1037 1574 1157 1627 aequore
1174 1560 1234 1613 totu

432 1634 571 1688 Insultans
589 1634 704 1703 sonipes,
722 1637 751 1689 et
767 1635 868 1703 pressis
886 1637 990 1703 pugnat
1008 1634 1123 1689 habenis
1245 1648 1283 1688 sco

432 1711 496 1765 Huc
513 1708 643 1764 obversus
661 1713 690 1764 et
706 1710 775 1776 huc;
792 1715 852 1765 tum
870 1711 926 1766 late
943 1712 1049 1766 ferreus
1066 1710 1153 1765 hastis

432 1787 626 1862 Horret'agen
645 1787 789 1857 campique
807 1788 890 1841 armis
909 1785 1070 1842 sublimibus
1088 1787 1192 1843 ardent.

430 1861 457 1916 N
459 1879 490 1916 ec
507 1878 561 1917 non
579 1862 723 1933 Messapus
740 1865 836 1917 contra
853 1864 1011 1933 celeresque
1029 1864 1120 1919 Latini

431 1939 468 1992 Et
485 1939 650 1993 cumfratre
669 1939 753 1993 Coras
771 1943 800 1993 et
818 1939 932 2007 virginis
950 1940 993 1992 ala
1011 1940 1141 1994 Camillae

431 2014 550 2068 Adversi
567 2030 663 2083 campo
680 2014 822 2082 adparent,
838 2014 987 2084 hastasque
1005 2014 1127 2068 reductis
1246 2026 1284 2068 cos

432 2089 605 2143 Protendunt
622 2090 703 2157 longe
721 2090 836 2155 dextris,
854 2093 884 2144 et
902 2090 1004 2159 spicula
1022 2089 1145 2155 vibrant3

432 2165 632 2234 Adventusque
649 2165 738 2219 virum
755 2165 937 2233 fremitusque
954 2164 1075 2218 ardescit
1092 2180 1232 2233 equorum.

432 2241 547 2310 Iamque
565 2241 639 2296 intra
656 2241 758 2294 iactum
775 2242 824 2295 teli
842 2256 1003 2310 progressus
1020 2242 1138 2309 uterque

432 2318 617 2372 Constiterat:
635 2317 727 2372 subito
739 2321 888 2387 erumpunt
905 2317 1030 2382 clamore,
1048 2317 1220 2387 furentisque

431 2391 620 2448 Exhortantur
638 2410 738 2462 equ0s;
756 2393 875 2448 fundunt
894 2393 974 2446 simul
991 2392 1114 2461 undique
1131 2392 1194 2462 tela,
1247 2408 1284 2449 am

432 2468 536 2524 Crebra
552 2470 624 2524 nivis
640 2470 704 2537 ritu,
723 2470 881 2539 caelumque
899 2467 1041 2522 obtexitur
1058 2468 1162 2524 umbra

432 2544 566 2599 Continuo
583 2546 706 2600 adversis
724 2546 879 2613 Tyrrhenus
897 2548 926 2600 et
943 2561 1006 2599 acer
1025 2547 1164 2600 Aconteus

433 2620 548 2675 Connixi
565 2622 710 2676 incurrunt
726 2620 819 2686 hastis
836 2621 974 2691 primique
991 2622 1097 2675 rrrinam

433 2697 507 2749 Dant
524 2697 616 2749 sonitu
632 2697 744 2765 ingenti,
762 2699 954 2767 perfractaque
973 2696 1231 2768 quadrupedantum

435 2771 549 2824 Pectora
565 2772 721 2838 pectoribus
738 2776 884 2841 rumpunt;
902 2790 1031 2827 excussus
1050 2775 1190 2826 Aconteus
1248 2788 1284 2827 us

435 2845 566 2898 Fulminis
583 2845 611 2898 in
629 2862 732 2900 morem
750 2851 799 2901 aut
816 2851 953 2902 tormento
971 2847 1100 2915 ponderis
1117 2848 1179 2914 acti,

436 2920 600 2991 Praecipitat
618 2921 705 2989 longe,
723 2926 752 2977 et
769 2923 853 2976 vitam
873 2923 1006 2990 dispergit
1024 2923 1052 2975 in
1070 2938 1157 2977 auras.

433 2997 578 3066 Extemplo
596 2997 724 3051 turbatae
740 2998 819 3065 acies,
837 2998 963 3067 versique
982 2998 1073 3053 Latini

433 3074 571 3127 Reiiciunt
589 3090 697 3143 parmas
716 3076 745 3127 et
762 3090 847 3143 equos
867 3074 904 3126 ad
923 3075 1029 3127 moenia
1048 3075 1169 3128 vertunt.

432 3150 516 3204 Troes
535 3153 621 3219 agunt
627 3171 635 3216 ;
653 3149 779 3217 princeps
797 3152 902 3203 turmas
922 3149 1029 3204 inducit
1049 3150 1148 3204 Asilas.
1248 3164 1286 3205 aas

434 3226 549 3295 lamque
566 3224 785 3296 propinquabant
804 3225 900 3295 portis,
919 3242 1068 3295 marsusque
1090 3226 1187 3281 Latin'r

433 3301 585 3355 Clamorem
603 3296 711 3371 tollunt,
732 3306 762 3357 et
779 3302 871 3356 mollia
890 3302 958 3356 colla
977 3302 1139 3357 reflectunt:

434 3376 473 3429 Hi
491 3376 608 3445 fugiunt,
629 3380 794 3449 penitusque
814 3378 887 3433 datis
907 3379 1064 3433 referuntur
1082 3372 1203 3433 habenis.

434 3451 527 3516 Qualis
545 3451 593 3505 ubi
611 3452 715 3508 alterno
734 3471 897 3525 procurrens
916 3456 1026 3525 gurgite
1045 3458 1149 3523 pontus

435 3526 514 3581 Nunc
525 3527 582 3581 ruit
592 3528 628 3581 ad
641 3532 751 3598 terram,
764 3530 951 3603 scopulosque
961 3529 1121 3601 superiacit
1126 3524 1216 3577 unas.
1249 3594 1254 3603 ι
1276 3528 1323 3564 aaa

425 3603 568 3671 Spumeus,
588 3608 805 3680 extremamque
825 3608 895 3665 sinu
909 3606 1070 3682 perirmdnt
1089 3609 1238 3655 anamma

415 3676 500 3731 Nunc
516 3680 638 3750 rapidus
659 3687 742 3741 retro
762 3690 861 3761 atque
882 3690 978 3745 aestu
991 3680 1144 3740 reuoluta
1157 3657 1336 3723 *ww
