3467 4367
659 918 690 967 P.
709 915 866 965 VERGILI
884 914 1052 965 MARONIS

617 1050 1096 1157 Annuunos

707 1271 823 1349 ulans
842 1269 1011 1324 TERTIUS.

806 1429 909 1460 -4-

431 1547 582 1607 Pomanus
600 1561 645 1599 res
663 1545 749 1599 Asiae
768 1544 927 1614 Priamique
946 1549 1072 1601 evertere
1088 1550 1199 1615 gentem

431 1622 592 1677 Inmeritam
609 1622 699 1681 visum
715 1621 835 1689 Superis,
853 1621 1008 1689 ceciditque
1025 1624 1173 1693 superbum

431 1697 513 1753 Ilium
530 1702 559 1753 et
576 1699 663 1751 omnis
681 1698 763 1750 humo
780 1697 870 1751 fumat
888 1698 1028 1767 Neptunia
1046 1700 1134 1770 Troia,

430 1776 545 1830 Diversa
562 1775 657 1829 exsilia
675 1779 705 1828 et
722 1774 847 1827 desertas
865 1791 998 1842 quaerere
1016 1780 1105 1832 terras

430 1853 562 1921 Auguriis
580 1851 687 1920 agimur
704 1850 810 1918 divom?
820 1851 990 1921 classemque
1009 1855 1060 1907 sub
1078 1856 1137 1923 ipsa
1273 1870 1287 1909 a

431 1928 576 1982 Antandro
593 1932 622 1982 ct
641 1928 775 1997 Phrygiae
792 1928 919 1981 molimur
937 1930 1076 1983 montibus
1095 1931 1170 1997 hiae,

432 2005 542 2072 Incerti,
560 2022 615 2075 quo
632 2005 689 2057 fata
707 2004 805 2071 ierant,
825 2004 871 2058 uhi
890 2005 988 2058 sistere
1007 2005 1095 2073 detur,
1164 2041 1174 2056 .

431 2081 677 2151 contrahimusque
695 2083 772 2135 viros.
811 2082 864 2134 Vix
884 2082 972 2150 prima
989 2082 1129 2154 ineepprat
1146 2086 1245 2151 aestus,

431 2158 469 2211 Et
485 2160 566 2227 pater
584 2158 720 2211 Anchises
738 2158 805 2211 uiarc
824 2159 889 2212 fatis
908 2157 969 2211 vela
986 2158 1114 2225 iubeb'at;

431 2232 526 2288 Litora
543 2251 605 2288 cum
622 2235 728 2304 patriae
746 2234 890 2288 lacrimans
908 2238 1059 2304 portusque
1077 2236 1200 2305 relinquo
1263 2250 1287 2289 ιο

430 2308 469 2363 lit
486 2326 602 2379 campos,
620 2310 667 2363 ubi
687 2310 767 2364 Troia
784 2311 843 2365 fuit.
882 2312 968 2365 Feror
987 2312 1063 2365 exsui
1081 2313 1109 2366 in
1127 2311 1212 2365 altum

431 2385 501 2440 (ium
519 2386 597 2440 sociis
615 2390 736 2455 natoque
756 2387 905 2441 Penatibus
923 2392 952 2441 et
971 2389 1076 2458 magnis
1094 2390 1143 2443 dis.

466 2463 551 2516 Terra
567 2462 661 2532 procul
679 2464 764 2517 vastis
783 2464 880 2518 colitur
899 2465 1035 2519 Mavortia
1052 2467 1162 2535 campis,

430 2539 653 2608 Thraces'arant,
671 2541 727 2593 acri
745 2541 883 2608 quondam
901 2546 1015 2610 regnata
1034 2542 1164 2612 Lycurgo,

435 2615 590 2683 Hospitium
608 2615 752 2684 antiquum
771 2617 866 2671 Troiae
884 2619 1004 2687 sociique
1023 2619 1149 2685 Penates,
1264 2632 1288 2671 1⁶

433 2690 505 2744 Dum
523 2690 646 2746 Fortuna
662 2691 722 2746 fnit.
743 2693 845 2746 *Feror
861 2694 922 2762 liuc,
941 2699 970 2749 et
986 2696 1067 2750 litore
1084 2711 1166 2750 curvo

431 2767 541 2822 Moenia
557 2770 646 2836 prima
662 2767 729 2837 loco,
746 2768 812 2823 fatis
829 2770 970 2839 ingressus
987 2772 1094 2840 iniquis,
1145 2793 1155 2812 ·
1255 2782 1259 2789 '

432 2844 637 2913 Aeneadasque,
650 2861 711 2899 meo
729 2862 827 2900 nomen
845 2846 881 2900 de
900 2848 1008 2902 nomine
1026 2848 1105 2915 fingo.

466 2920 548 2975 Sacra
566 2921 703 2976 Dionaeae
721 2923 804 2978 matri
820 2923 946 2992 divisque
962 2923 1085 2983 ferebam

432 2997 598 3065 Auspicihus
615 3003 775 3069 coeptorum
793 3016 914 3070 operum,
933 3017 1086 3070 superoque
1105 3002 1241 3055 nitentem
1264 3015 1288 3053 ao

432 3073 596 3128 Caelicolum
613 3076 673 3145 regi
690 3077 843 3131 mactabam
860 3077 889 3131 in
907 3077 988 3131 litore
1005 3081 1124 3132 taurum.

372 3165 375 3168 ·
433 3148 518 3202 Forte
535 3149 587 3205 fuit
603 3151 682 3206 iuxta
699 3153 829 3221 tumulus,
846 3171 901 3223 quo
919 3171 1016 3209 cornea
1034 3170 1140 3209 summo

432 3224 562 3292 Virguita
579 3231 608 3282 et
625 3228 718 3283 densis
736 3229 881 3284 hastilibus
900 3230 1010 3284 horrida
1027 3235 1141 3299 myrtus.

433 3300 553 3368 Accessi,
571 3303 743 3374 viridemque
762 3306 796 3360 ab
814 3306 897 3360 humo
915 3307 1067 3361 convollere
1085 3308 1181 3361 silvam

433 3376 562 3445 Conatus,
580 3380 663 3433 ramis
680 3385 803 3450 tegerem
821 3386 853 3438 ut
871 3383 1069 3458 frondentihus
1085 3400 1163 3449 aras,
1274 3398 1305 3435 aa

429 3451 605 3507 Horrendum
625 3459 656 3510 et
674 3456 753 3527 dictu
769 3460 854 3518 rideo
873 3461 1007 3518 mirabiie
1024 3463 1203 3516 ninnetrum„

416 3522 498 3611 Nssflt
517 3543 590 3595 quae
604 3534 702 3599 Prima
721 3538 782 3595 solo
801 3542 903 3614 ruptis
918 3541 1075 3599 radicibus
1092 3534 1189 3590 arnus

414 3594 537 3668 Velhtur,
557 3605 625 3663 huic
644 3616 712 3669 atro
732 3616 897 3690 liquuntur
915 3620 1071 3692 sangit'sne
1087 3613 1205 3683 gutiae
