3467 4367
456 616 502 662 190
687 614 716 664 P.
735 613 889 663 VERGILI
906 613 1037 664 MARON
1039 614 1072 664 IS

491 692 573 747 lbant
590 691 698 747 obscuri
715 691 773 746 sola
789 692 841 747 sub
859 695 941 747 nocte
957 709 1009 763 per
1025 692 1160 762 umbram,
1263 717 1265 722 ·

454 766 564 837 Perque
581 768 676 822 domos
694 767 767 822 Ditis
783 783 890 823 vacuas·
900 772 930 824 et
946 768 1038 823 inania
1053 785 1154 837 regna:

454 843 541 908 Quale
557 860 607 913 per
623 843 756 898 incertam
772 844 865 898 lunam
883 844 934 899 sub
951 845 1011 899 lucc
1029 844 1149 913 maligna
1271 860 1308 903 sco

453 919 505 975 list
522 920 577 975 iter
593 920 622 973 in
639 920 722 988 silvis,
739 919 788 974 ubi
804 920 910 975 caelum
929 920 1053 975 condidit
1070 920 1168 974 umbra

454 995 587 1066 Iuppiter,
605 998 634 1050 et
651 995 735 1051 rebus
751 1012 806 1050 nox
823 992 939 1052 abstulit
956 1000 1018 1051 atra
1035 996 1161 1052 colorem.

410 1054 628 1126 svestibulum
645 1074 710 1126 ante
727 1071 816 1141 ipsum
834 1073 983 1142 primisque
1000 1072 1029 1126 in
1046 1071 1170 1127 faucibus
1188 1072 1254 1127 Orci

452 1147 557 1202 Luctus
575 1150 605 1201 et
621 1148 733 1202 ultrices
750 1164 866 1217 posuere
883 1148 983 1203 cubilia
1001 1148 1106 1215 Ourae3

453 1223 645 1293 Pallentesque
662 1223 789 1278 habitant
806 1224 907 1291 Morbi,
924 1224 1069 1294 tristisque
1088 1224 1229 1293 Senectus,
1269 1240 1305 1282 cau

452 1299 490 1354 ltt
507 1300 607 1366 Metus,
627 1303 657 1355 et
673 1299 831 1354 malesuada
848 1299 956 1369 Fames,
972 1316 1004 1355 ac
1021 1300 1111 1370 turpis
1128 1300 1253 1371 Egestas,

451 1375 599 1431 Terribiles
615 1375 676 1431 risu
692 1376 806 1444 formae,
822 1376 984 1446 Letumque,
1003 1374 1162 1445 Labosquc;

451 1450 521 1505 'l'mn
538 1451 752 1520 consanguineus
769 1452 833 1508 Leti
851 1452 944 1520 Sopor,
963 1455 993 1506 et
1009 1451 1082 1504 mala
1098 1451 1200 1507 mentis

450 1526 566 1596 Gaudia,
584 1527 811 1597 mortiferumque
827 1528 943 1582 adverso
960 1527 989 1581 in
1005 1526 1099 1581 limine
1117 1528 1234 1597 Bellum,

451 1602 601 1673 Ferreique
612 1603 793 1658 Eumenidum
805 1603 925 1671 thalami,
937 1606 967 1658 ct
978 1603 1122 1658 Discordia
1133 1604 1254 1675 demens,
1266 1617 1303 1659 aso

451 1679 602 1748 Vipcrcum
619 1678 721 1733 crinem
738 1678 817 1734 vittis
833 1679 933 1733 innexa
949 1680 1078 1734 cruentis.

486 1755 520 1808 In
537 1754 629 1808 medio
646 1771 736 1808 ramos
753 1770 911 1823 annosaque
928 1753 1056 1809 bracchia
1072 1755 1170 1824 pandit

450 1830 548 1886 Ulmus
566 1846 657 1900 opaca,
674 1830 778 1898 ingens,
796 1847 879 1899 quam
897 1830 991 1884 sedem
1010 1831 1119 1885 Somnia
1135 1831 1216 1901 volgo

450 1907 530 1961 Vana
546 1910 643 1960 tenere
660 1906 760 1973 ferunt,
778 1905 905 1974 foliisque
923 1905 975 1960 sub
993 1906 1118 1961 omnibus
1135 1906 1257 1963 haerent

449 1982 593 2052 Multaque
609 1985 753 2051 practerea
769 1982 906 2036 variarum
923 1986 1046 2038 monstra
1063 1982 1185 2037 ferarum
1265 2000 1302 2039 aas

450 2059 580 2115 (lentauri
597 2060 625 2113 in
642 2057 744 2113 foribus
762 2057 903 2113 stabulant
921 2058 1081 2127 Scyllaeque
1097 2058 1229 2115 biformes

450 2136 488 2191 Et
504 2134 737 2204 centumgeminus
755 2134 884 2188 Briareus
901 2150 933 2187 ac
950 2133 1031 2189 belua
1049 2135 1162 2203 Lernae,

450 2211 626 2266 Horrendum
644 2211 772 2277 stridens,
790 2210 959 2279 flammisque
977 2213 1083 2265 armata
1101 2210 1252 2281 Chimaera,

449 2288 591 2356 Gorgones
609 2287 803 2357 Harpyiaeque
821 2289 851 2340 et
867 2285 957 2340 forma
973 2286 1131 2355 tricorporis
1148 2286 1271 2344 umbrae.

449 2363 570 2433 (lorripit
586 2363 631 2417 hic
648 2363 738 2417 subita
755 2362 882 2431 trepidus
899 2361 1044 2416 formidine
1061 2362 1165 2417 sermm
1263 2377 1302 2417 aco

450 2441 566 2506 Aeneas,
584 2440 763 2507 strictamque
780 2438 864 2491 aciem
883 2438 1055 2508 venientibus
1073 2438 1160 2507 offert,

449 2516 494 2582 ut,
511 2515 540 2569 ni
557 2515 639 2569 docta
654 2529 746 2567 comes
764 2513 853 2568 tenuis
872 2513 931 2567 sine
948 2530 1061 2583 corpore
1079 2514 1150 2569 vitas

450 2592 608 2646 Admoneat
625 2588 739 2643 volitare
756 2603 821 2641 cava
838 2588 889 2642 sub
907 2589 1025 2657 imagine
1042 2590 1153 2658 formae,

379 2722 381 2727 ,
449 2667 554 2733 Inruat,
572 2669 602 2720 et
618 2665 720 2718 frustra
736 2663 810 2717 ferro
827 2663 984 2718 diverberet
1001 2666 1119 2721 umbras.

484 2743 558 2798 Hinc
568 2742 620 2809 via,
632 2740 757 2795 Tartarei
769 2741 840 2809 quac
852 2740 909 2795 fert
921 2740 1085 2796 Acherontis
1096 2742 1133 2796 ad
1144 2742 1240 2797 undas.
1264 2756 1301 2797 scs

447 2812 587 2873 Turbidus
603 2817 648 2872 hic
665 2833 749 2872 caeno
767 2819 900 2886 vastaque
917 2818 1045 2886 voragine
1062 2834 1162 2887 gurges

449 2896 570 2950 Aestuat
585 2899 670 2963 atque
687 2909 795 2948 omnem
814 2893 916 2963 Cocyto
933 2897 1040 2948 eructat
1058 2910 1177 2948 arenam.

449 2972 573 3026 Portitor
588 2970 638 3025 has
655 2968 807 3024 horrendus
825 2985 911 3038 aquas
929 2973 958 3025 et
975 2969 1086 3023 flumina
1104 2973 1196 3025 servat

449 3047 576 3102 Terribili
593 3046 718 3116 squalore
736 3045 851 3113 Charon,
868 3044 912 3099 cui
928 3044 1046 3114 plurima
1062 3049 1156 3101 mento
1283 3106 1286 3111 ,

449 3124 572 3179 (lanities
589 3123 690 3177 inculta
706 3122 786 3188 iacet,
803 3124 878 3175 stant
894 3121 997 3175 lumina
1014 3122 1129 3188 flamma,
1264 3134 1303 3176 coc

450 3200 583 3271 Sordidus
600 3216 635 3253 ex
652 3198 774 3252 humeris
791 3197 863 3251 nodo
882 3197 1020 3266 dependet
1037 3198 1160 3252 amictus.

450 3276 515 3345 Ipse
531 3277 619 3329 ratem
637 3277 718 3329 conto
735 3272 842 3342 subigit,
858 3272 981 3342 velisque
999 3273 1145 3343 ministrat,

449 3353 487 3407 llt
503 3352 659 3420 ferruginea
674 3348 819 3403 subvectat
836 3364 951 3417 corpora
967 3348 1071 3419 cymba,

446 3429 509 3481 Jam
525 3427 627 3494 senior,
646 3425 696 3480 sed
713 3423 798 3479 cruda
816 3424 869 3478 deo
886 3424 1037 3492 viridisque
1055 3428 1189 3479 senectus.

428 3502 501 3553 Huc
517 3502 610 3557 omnis
627 3502 713 3557 turba
730 3500 769 3556 ad
786 3501 864 3573 ripas
881 3500 970 3558 eflusa
985 3500 1097 3568 ruebat,
1126 3504 1130 3514 ‘
1267 3516 1307 3554 aa

411 3572 532 3629 Matres
546 3580 642 3650 atque
662 3579 724 3648 riri,
747 3580 948 3653 defunctaque
965 3594 1088 3647 corpora
1103 3575 1164 3629 rita

394 3641 626 3714 -llcenanimnm
648 3658 787 3736 heroum,
807 3663 897 3736 pueri
917 3661 1122 3729 innuptaeque
1136 3645 1263 3721 himma
