3467 4367
485 613 533 664 274
629 586 633 590 ’
717 613 747 661 Ρ.
766 612 919 661 vnsornr
936 612 1106 662 nnnours·

486 691 654 762 Respiciunt,
672 695 817 761 totumque
834 692 926 746 adlabi
944 691 1076 748 classibus
1093 710 1205 763 aequor.

485 768 577 823 Ardet
594 786 664 838 apex
681 768 773 836 capiti,
791 768 937 837 cristisque
955 785 972 822 a
989 769 1092 823 vertice
1109 769 1219 825 flamme
1301 785 1338 827 210

485 845 630 912 Funditur,
648 848 677 899 et
694 848 786 898 vastos
805 844 888 897 umbo
906 844 993 899 vomit
1010 860 1109 898 aureus
1126 846 1213 913 ignis:

484 921 510 974 N
512 937 547 974 on
564 937 648 985 secus,
665 936 697 973 ac
714 919 819 987 liquida
837 920 859 972 si
878 920 987 989 quando
1004 923 1084 974 nocte
1101 924 1225 977 cometae

484 996 631 1063 Sanguinei
648 995 765 1063 lugubre
783 995 890 1063 rubent,
908 1000 957 1050 aut
976 996 1061 1050 Sirius
1079 996 1169 1066 ardor,

484 1072 536 1125 llle
554 1072 628 1125 sitim
645 1071 810 1139 morbosque
827 1072 920 1126 ferens
938 1072 1099 1125 mortalibus
1116 1072 1215 1144 aegris,

483 1146 611 1201 Nascitur
628 1150 658 1200 et
674 1146 752 1201 leevo
769 1146 916 1202 contristat
933 1147 1035 1201 lumine
1053 1148 1164 1203 caelum.
1300 1168 1338 1207 27⁵

519 1223 602 1276 Haud
619 1226 712 1276 tamen
730 1223 828 1277 audaci
846 1223 937 1277 Turno
954 1223 1055 1277 fiducia
1071 1224 1154 1279 cessit

483 1298 578 1352 Litora
594 1298 759 1366 praecipere,
776 1303 806 1352 et
823 1298 959 1352 venientis
975 1300 1078 1367 pellere
1095 1303 1177 1354 terra

420 1405 422 1410 ·
481 1374 575 1444 [Ultro
593 1375 696 1428 animos
714 1374 786 1428 tollit
805 1374 894 1442 dictis,
913 1379 997 1442 atque
1014 1375 1137 1444 increpat
1154 1376 1229 1432 ultro
1237 1377 1257 1449 z]

482 1449 563 1516 Quod
581 1450 653 1504 votis
670 1450 793 1518 optastis,
812 1451 899 1517 adest,
917 1450 1089 1521 perfringere
1107 1450 1215 1507 dextra

482 1526 516 1579 In
534 1526 659 1580 manibus
677 1526 753 1579 Mars
770 1526 837 1594 ipse,
855 1526 917 1581 viri.
952 1526 979 1580 N
981 1543 1033 1582 unc
1050 1526 1170 1595 coniugis
1188 1532 1251 1583 esto
1298 1546 1336 1586 aec

480 1601 603 1669 Quisque
621 1618 686 1655 suae
704 1601 826 1670 tectique
844 1618 965 1667 memor;
982 1620 1055 1657 nunc
1073 1614 1171 1671 magne
1188 1605 1295 1661 referto

481 1677 572 1743 Facta,
590 1680 699 1743 patrum
717 1677 820 1731 laudes,
856 1676 937 1730 Ultro
954 1692 1126 1732 occurramus
1142 1678 1180 1733 ad
1198 1681 1311 1752 undam,

482 1754 554 1806 Dum
572 1753 684 1822 trepidi,
704 1754 861 1821 egressique
879 1752 973 1806 labant
990 1753 1107 1821 vestigia
1123 1755 1222 1822 prima.

482 1828 619 1881 Audentis
637 1828 760 1882 Fortuna
777 1828 861 1881 iuvat.

483 1905 559 1958 Haec
576 1905 623 1971 ait,
642 1908 671 1958 ct
688 1921 780 1958 secum
798 1907 897 1972 versat,
916 1920 984 1972 quos
1002 1904 1103 1960 ducere
1120 1910 1224 1976 contra,
1295 1924 1335 1965 aas

481 1980 534 2034 Vel
552 1980 652 2049 quibus
669 1979 794 2033 obsessos
810 1980 898 2047 possit
916 1979 1080 2034 concredere
1097 1997 1196 2037 muros

515 2056 627 2112 interea
645 2058 752 2109 Aeneas
770 2056 856 2109 socios
873 2055 909 2109 de
916 2056 1064 2137 spuppibus
1081 2057 1145 2111 altis

480 2132 614 2186 Pontibus
632 2131 753 2200 exponit.
788 2130 871 2184 Multi
890 2147 999 2185 servare
1017 2148 1145 2186 recursus

479 2208 649 2277 Languentis
665 2207 763 2276 pelagi,
782 2210 812 2261 et
829 2206 959 2259 brevibus
977 2223 1007 2261 se
1024 2207 1137 2261 credere
1155 2210 1240 2277 saltu3

479 2284 534 2337 Per
550 2300 640 2337 remos
657 2284 711 2336 alii
747 2282 908 2350 Speculatus
925 2282 1006 2336 litora
1025 2282 1153 2353 Tarchon,
1294 2303 1334 2343 290

479 2359 540 2424 Qua
556 2360 627 2413 vada
643 2375 697 2413 non
716 2359 821 2426 spirant
838 2374 889 2411 nec
906 2358 992 2412 fracta
1010 2364 1195 2414 remurmurat
1212 2363 1296 2430 unda

478 2433 534 2488 Sed
545 2451 627 2488 mare
644 2435 804 2487 inoffensum
822 2433 956 2487 crescenti
973 2433 1113 2487 adlabitur
1129 2440 1216 2504 aestu,

381 2535 384 2539 ·
478 2509 612 2563 Advertit
630 2509 720 2563 subito
736 2525 840 2577 proras,
859 2509 1001 2578 sociosque
1018 2514 1160 2578 precatur:

476 2585 563 2649 Nunc,
581 2602 598 2638 o
615 2585 687 2639 lecta
703 2601 807 2651 manus,
825 2584 923 2637 validis
940 2584 1091 2639 incumbite
1108 2588 1208 2653 remis;

477 2661 582 2727 Tollite,
600 2660 672 2715 ferte
688 2665 778 2725 rates3
795 2660 932 2714 inimicam
951 2660 1048 2714 findite
1066 2663 1162 2715 rostris
1292 2682 1332 2723 ωε

477 2736 557 2790 Hanc
573 2740 685 2805 terram,
703 2736 863 2804 sulcumque
882 2736 933 2789 sibi
951 2740 1059 2805 premat
1076 2736 1135 2805 ipsa
1152 2738 1255 2795 carina.

477 2812 616 2881 Frangere
632 2830 682 2867 nec
699 2812 748 2866 tali
766 2812 879 2881 puppim
897 2811 1016 2866 statione
1034 2829 1136 2881 recuso,

476 2889 599 2958 Arrepta
615 2890 715 2944 tellure
733 2889 826 2943 semel.
863 2887 939 2952 Quae
957 2888 1024 2942 talia
1041 2893 1186 2958 postquam

475 2966 581 3020 Ilffatus
600 2964 728 3029 Tarchon,
746 2964 811 3019 socii
828 2980 993 3031 consurgere
1010 2966 1097 3019 tonsis

475 3041 688 3111 spumantisque
706 3044 781 3094 rates
799 3039 872 3094 arvis
888 3039 990 3094 inferre
1009 3040 1121 3107 Latinis,
1289 3060 1330 3100 soc

474 3118 567 3171 Donec
584 3121 675 3171 rostra
691 3119 788 3170 tenent
805 3115 906 3169 siccum
924 3119 953 3169 et
971 3116 1068 3171 sedere
1085 3117 1192 3171 carinae

475 3192 576 3245 Omnes
594 3192 732 3246 innocuae.
767 3190 823 3246 Sed
840 3207 895 3244 non
912 3192 1012 3261 puppis
1030 3196 1086 3258 tua,
1105 3192 1234 3247 Tarchon.

383 3319 387 3324 .
473 3267 599 3336 Namque
616 3268 720 3322 inflicta
736 3266 815 3320 vadis
832 3266 914 3321 dorso
932 3268 999 3320 dum
1016 3269 1121 3336 pendet
1137 3268 1241 3338 iniquo,

473 3347 586 3411 Anceps
603 3346 757 3398 sustentata
774 3342 830 3411 diu,
848 3343 1002 3413 fluctusque
1018 3344 1125 3413 fatigat,

469 3420 600 3488 Solvitur,
617 3421 702 3487 atque
718 3419 791 3472 viros
808 3419 907 3473 mediis
925 3420 1037 3489 exponit
1053 3420 1082 3473 in
1099 3420 1196 3487 undis;
1288 3438 1328 3479 oce

455 3495 614 3567 llagmina
633 3513 777 3553 remorum
796 3511 866 3567 quos
884 3498 914 3551 et
928 3495 1067 3551 tlurtantia
1081 3501 1203 3551 transtra

441 3570 618 3651 Inpediunt,
638 3577 826 3650 retrahitque
843 3573 952 3649 pedem
969 3571 1054 3625 simul
1065 3572 1144 3623 unda
1155 3571 1293 3624 reldnena

465 3651 540 3712 Nec
560 3658 700 3719 Turnum
723 3658 827 3731 segnis
843 3652 961 3714 retinet
977 3664 1076 3711 motez
1089 3645 1144 3698 *ab
1155 3644 1234 3709 ‘bb'lb
1246 3658 1309 3695 W
