3467 4367
471 621 503 666 58
700 617 730 668 Ρ.
750 616 904 667 VERGILI
927 618 1095 669 MARONIS

470 696 595 764 Victoris,
613 701 680 763 tum,
699 714 767 765 quos
784 696 877 750 amisit
895 697 1004 766 inultus,
1022 715 1144 764 amores;

470 774 506 827 Et
523 773 632 838 stabula
649 773 812 841 adspectans
830 774 922 840 regnis
940 774 1058 829 excessit
1075 774 1163 829 aritia

469 849 542 915 llrgo
560 848 633 900 omni
652 864 716 901 cura
734 848 800 902 viris
817 852 938 916 exercet,
957 853 985 903 et
1003 850 1076 903 inter

469 924 545 977 Dura
562 923 632 976 iacet
650 941 753 992 pernox
771 924 890 978 instrato
908 941 973 978 sana
991 925 1080 994 cubili,
1290 944 1327 985 m

469 1000 623 1053 Frondibns
641 1000 755 1053 hirsutis
773 1004 802 1053 et
820 1001 907 1054 carice
926 1005 1021 1068 pastus
1038 1007 1125 1070 acuta,

469 1077 504 1130 Et
521 1079 641 1144 temptat
660 1092 727 1143 sese,
746 1080 830 1145 atque
848 1076 927 1130 irasci
946 1077 974 1129 in
993 1094 1092 1132 cornua
1110 1078 1192 1133 discit

470 1152 586 1206 Arboris
604 1152 719 1212 obnixus
737 1156 841 1220 tumeo,
861 1157 1012 1222 ventosque
1029 1154 1138 1208 lacessit

469 1228 582 1295 lctibus,
600 1231 629 1281 et
647 1244 741 1296 sparsa
758 1228 795 1281 ad
812 1245 932 1297 pugnem
949 1229 1072 1297 proludit
1089 1247 1179 1285 arena.

469 1304 541 1370 Post,
560 1304 607 1357 ubi
626 1304 769 1358 collectum
788 1304 872 1358 robur
890 1305 1017 1373 viresque
1035 1306 1163 1375 refectae,
1289 1324 1327 1361 aa

468 1381 551 1449 Signa
569 1385 665 1445 movet
682 1398 870 1449 praecepsque
888 1380 1004 1434 oblitum
1021 1381 1112 1436 fertur
1128 1382 1156 1452 in
1174 1384 1285 1439 hostem
1294 1406 1302 1450 ;

468 1458 581 1511 Fluctus
598 1457 639 1510 uti
656 1457 747 1510 medie
766 1457 855 1525 coepit
873 1474 934 1510 cum
953 1457 1092 1512 albescere
1109 1462 1193 1527 ponto

467 1534 595 1601 Longius,
612 1551 647 1587 ex
665 1534 775 1602 altoque
794 1534 883 1586 sinum
901 1532 1001 1600 trahit3
1018 1538 1104 1603 utque
1122 1534 1232 1589 volutus

468 1611 515 1665 Ad
532 1615 621 1665 terras
638 1611 746 1663 inmane
764 1614 842 1663 sonat
860 1626 910 1678 per
928 1627 1108 1679 sanansque
1126 1611 1185 1680 ipso

467 1687 562 1740 Monte
580 1687 667 1739 minor
685 1686 853 1755 procumbit;
872 1688 973 1740 etima
991 1690 1134 1740 exaestuet
1150 1688 1227 1742 unda
1287 1705 1325 1743 aaa

467 1762 631 1831 Vorticibus,
648 1762 810 1831 nigramque
827 1763 883 1816 alte
902 1762 1038 1817 subiectat
1056 1779 1175 1818 arenam.

501 1839 588 1893 Omne
600 1839 668 1892 adeo
680 1856 767 1907 genus
779 1839 807 1891 in
824 1839 907 1893 terris
923 1839 1118 1907 hominumque
1135 1840 1324 1909 ferarumque,

467 1916 504 1971 lit
520 1932 606 1986 genus
623 1932 797 1987 aequoreum,
816 1916 944 1984 pecudes,
961 1917 1105 1985 pictaeque
1123 1916 1256 1983 volucres,

397 2007 401 2013 '
437 2001 439 2006 ’
467 1993 501 2046 Iu
518 1992 603 2046 furias
621 1992 766 2060 ignemque
784 1996 875 2046 ruunt.
913 1994 999 2046 Amor
1017 1991 1142 2045 omnibus
1159 1991 1242 2047 idem

466 2068 599 2138 Tempore
616 2085 669 2122 non
689 2069 740 2121 alio
758 2069 910 2122 catulorum
929 2068 1015 2122 oblita
1033 2068 1127 2121 leaena
1285 2085 1323 2125 are

466 2145 577 2200 Saevior
595 2146 698 2200 erravit
715 2147 825 2215 campis,
844 2162 894 2199 nec
912 2145 1008 2198 funera
1026 2144 1104 2212 volgo
1160 2200 1162 2203 Α

466 2221 533 2276 'lam
550 2222 636 2275 multa
653 2222 782 2275 informes
799 2221 856 2274 ursi
876 2225 1051 2289 stragemque
1069 2221 1171 2275 dedere

467 2298 520 2352 Per
538 2299 633 2364 silvaa;
651 2301 712 2352 tum
731 2315 827 2351 saevus
844 2314 918 2365 aper,
938 2297 1132 2365 tum-pessima
1149 2297 1246 2364 tigrim

467 2375 538 2442 Heu,
556 2376 627 2428 male
645 2379 704 2428 tum
724 2374 824 2441 Libyae
843 2374 908 2427 solis
925 2377 1034 2427 erratur
1051 2374 1079 2426 in
1096 2374 1175 2441 agris.

466 2452 492 2504 N
494 2468 564 2504 enne
581 2450 666 2517 vides,
684 2453 716 2503 ut
734 2453 794 2503 tota
811 2454 915 2503 tremor
933 2452 1103 2518 pertemptet
1121 2464 1254 2516 equorum
1285 2464 1322 2505 aaa

467 2527 594 2596 Corpora,
613 2527 637 2579 si
654 2528 762 2579 tantmn
781 2530 858 2579 notas
877 2526 944 2579 eder
962 2526 1057 2579 attulit
1075 2528 1171 2580 aurasl

466 2606 509 2657 Ac
526 2619 615 2671 neque
634 2618 681 2655 eos
698 2602 751 2654 iam
770 2601 847 2655 frena
864 2602 961 2670 virum,
979 2619 1068 2670 neque
1085 2601 1201 2656 verbera
1218 2618 1309 2670 saeva,

466 2678 528 2733 Non
546 2678 649 2747 scopuli
666 2692 804 2746 rupesque
822 2694 904 2732 cavae
922 2681 1007 2747 atque
1025 2678 1132 2733 obieeta
1149 2680 1296 2736 retardant

466 2754 599 2822 Flumina,
618 2757 811 2822 correptosque
829 2755 904 2808 unda
921 2755 1080 2823 torquentia
1097 2755 1205 2809 montis.
1273 2816 1277 2823 ‚

466 2831 531 2899 Ipse
550 2831 606 2884 ruit
624 2831 777 2898 dentesque
790 2831 947 2884 ¹Sabellicus
966 2832 1073 2885 exacuit
1091 2848 1144 2899 sus,
1285 2850 1323 2888 acc

465 2907 502 2961 Et
518 2909 590 2977 pede
608 2907 762 2976 prosubigit
780 2912 891 2974 terram,
912 2908 993 2961 fricat
1012 2908 1109 2962 arbore
1127 2913 1225 2979 costas,

466 2984 561 3053 Atque
581 2984 644 3037 hinc
662 2987 747 3052 atque
765 2984 839 3038 illinc
856 2984 984 3038 humeros
1003 2984 1039 3038 ad
1057 2986 1168 3039 volnera
1186 2985 1277 3042 durat

466 3060 538 3125 Quid
556 3061 668 3126 iuvenis,
687 3077 816 3128 magnum
835 3062 878 3114 cui
897 3066 991 3115 versat
1008 3064 1036 3115 in
1056 3063 1163 3117 ossibus
1180 3062 1274 3129 ignem

466 3137 556 3190 Durus
574 3139 666 3192 amori
703 3138 810 3206 Nempe
830 3138 957 3206 abruptis
976 3139 1089 3194 turbata
1106 3140 1233 3208 procellis

464 3212 553 3267 Nocte
571 3218 649 3268 uetat
667 3232 747 3269 caeca
765 3231 842 3267 serus
860 3216 947 3280 freta3
966 3232 1048 3284 quem
1067 3232 1149 3284 super
1165 3215 1263 3283 ingens
1285 3232 1323 3273 eae

466 3289 550 3343 Porta
567 3294 645 3344 tonat
663 3293 739 3360 caeli,
758 3296 787 3345 et
805 3292 922 3361 scopulis
941 3292 1020 3345 inlisa
1038 3292 1187 3347 reclamant

465 3366 611 3434 Aequora3
629 3386 679 3422 nec
697 3369 788 3422 miseri
808 3372 924 3436 possunt
942 3385 1071 3423 revocare
1088 3373 1226 3437 parentet,

461 3441 490 3492 N
492 3459 522 3494 ec
538 3445 672 3499 moritura
689 3462 772 3514 super
790 3444 894 3498 crudeli
913 3446 1009 3499 funere
1028 3446 1110 3512 virgo.
1152 3487 1155 3491 .

450 3514 526 3575 Quid
539 3520 635 3587 lr'flces
652 3522 759 3577 Baochi
780 3522 874 3577 variae
892 3526 923 3579 et
941 3538 1031 3592 genna
1047 3537 1112 3575 aare
1123 3520 1257 3585 lupum

429 3586 534 3673 ‘⁴1ss¹¹‘'
551 3601 679 3655 mum?
697 3600 780 3672 quid,
799 3618 879 3673 quae
895 3600 1021 3656 inbelles
1039 3597 1112 3651 dant
1126 3592 1238 3662 proelia
1252 3594 1346 3643 ceruit

411 3656 536 3718 &mei
555 3677 628 3727 ante
650 3677 752 3732 omnis
773 3679 860 3734 furor
880 3683 929 3735 est
949 3674 1074 3745 insignis
1092 3680 1257 3737 equarum
1327 3675 1364 3709 W
