3467 4367
651 621 841 673 BUCOLIOA.
876 619 951 669 an.
970 619 1024 669 III.
1254 622 1268 674 1

416 706 519 777 Incipe,
538 705 688 769 Damoeta3
705 705 738 757 ιιι
755 700 857 757 deinde
874 716 997 769 sequere,
1016 700 1148 756 Menalca

418 782 542 839 Alternis
560 779 672 845 dioetis3
690 781 784 833 amant
801 777 908 831 alterna
927 776 1069 831 Camenae
1127 789 1129 794 ’

450 860 489 913 D.
501 858 548 913 Ab
561 857 628 910 Iove
639 854 809 924 principium,
822 853 937 919 Musae,
949 852 1023 907 Iovis
1034 852 1124 908 omnia
1134 853 1230 923 plena;
1244 869 1270 908 so

415 936 470 990 Ille
486 934 552 988 oolit
568 936 672 998 terras;
689 930 729 984 illi
747 948 809 985 mea
826 929 947 984 earmina
967 946 1055 984 curae.

414 1011 458 1066 M,
476 1012 514 1065 lit
531 1027 576 1065 me
595 1009 721 1063 Phoebus
733 1010 823 1073 amat3
816 1004 946 1059 ·Phoebo
959 1022 1009 1059 sua
1020 1023 1127 1075 semper
1138 1008 1213 1076 apud
1223 1024 1269 1063 me

414 1088 534 1142 Munera
550 1089 622 1153 sunt,
640 1084 712 1139 lauri
730 1086 759 1138 et
777 1099 860 1137 suave
877 1081 979 1136 rubeus
996 1081 1165 1150 hyacinthus.

450 1162 489 1218 D.
507 1162 582 1217 Malo
598 1178 644 1216 me
662 1161 777 1215 Galatea
794 1159 873 1228 petit,
890 1157 991 1213 lasciva
1008 1160 1106 1229 puella,

415 1238 453 1294 m
469 1239 541 1307 fugit
558 1238 595 1291 ad
613 1236 716 1305 salioes,
735 1240 764 1291 et
781 1253 812 1291 se
829 1236 905 1305 cupit
923 1238 987 1290 aute
1004 1236 1098 1291 videri
1244 1253 1269 1293 es

414 1316 458 1369 M.
477 1316 519 1370 At
535 1314 602 1368 mihi
620 1330 681 1368 sese
699 1313 781 1367 offert
798 1313 879 1381 ultro,
897 1329 975 1366 meus
991 1312 1070 1380 ignis,
1090 1314 1233 1383 Amyntas,

415 1391 517 1446 Notior
534 1394 566 1445 ut
583 1389 639 1444 iam
656 1390 693 1444 sit
710 1389 822 1443 canibus
839 1404 893 1442 uon
912 1388 992 1443 Delia
1008 1388 1119 1444 nostris.

450 1467 490 1521 D.
508 1466 593 1521 Parta
609 1482 687 1520 meae
705 1464 809 1519 Veneri
826 1467 891 1518 sunt
902 1480 1029 1519 munera:
1046 1482 1163 1534 namque
1174 1467 1268 1521 notavi

416 1542 482 1613 Ipse
500 1543 597 1611 locum,
616 1542 706 1596 aeriae
724 1558 778 1610 quo
795 1554 958 1608 congessere
976 1540 1126 1610 palumbes.

414 1619 458 1674 M,
477 1619 559 1684 Quod
575 1618 661 1688 potui,
677 1633 763 1686 puero
781 1617 900 1671 silvestri
919 1633 954 1671 ex
972 1617 1069 1672 arbore
1086 1618 1158 1673 lectu
1244 1632 1269 1674 ιο

416 1698 512 1750 Aurea
529 1695 601 1749 mala
619 1695 716 1749 deoem
733 1693 810 1759 misi;
828 1710 889 1747 erae
907 1692 995 1748 ultera
1013 1694 1130 1750 mittam.

450 1772 489 1826 D.
507 1771 531 1824 0
550 1771 678 1841 quotiens
695 1774 725 1825 et
742 1787 813 1839 quae
830 1770 908 1823 uobis
927 1770 1042 1825 Galatea
1059 1770 1150 1825 locuta
1167 1774 1238 1827 esti

416 1845 529 1903 Partem
546 1848 673 1917 aliquam,
691 1847 774 1915 venti,
792 1847 884 1901 divom
902 1846 1029 1901 referatis
1044 1847 1083 1901 ad
1100 1848 1188 1903 auris!
1223 1853 1225 1858 '
1272 1847 1276 1854 '

416 1924 459 1981 M.
464 1924 537 1990 Quid
543 1924 665 1994 prodest
670 1923 746 1993 quod
752 1940 796 1977 me
801 1923 1014 1992 ipseanimonon
1020 1924 1132 1994 spernis
1138 1926 1268 1994 Amynta,

415 2000 454 2070 si,
471 2001 538 2054 dum
555 2004 588 2054 tu
605 2001 718 2055 sectaris
736 2016 823 2069 apros,
842 2017 894 2069 ego
912 2001 984 2055 retia
1001 2002 1097 2055 servol
1244 2015 1268 2057 ιι

450 2078 489 2131 D
508 2076 633 2145 Phyllida
650 2077 731 2130 mitte
749 2077 828 2132 mihi.
849 2093 926 2130 mous
945 2080 988 2131 est
1006 2078 1111 2146 natalis,
1132 2078 1215 2143 Iolla;

416 2153 487 2207 (lum
504 2152 601 2206 faciam
618 2152 705 2206 vitula
721 2169 771 2221 pro
789 2140 949 2221 frugibus,
941 2170 1001 2222 rpse
1019 2120 1118 2208 reniti.

416 2230 459 2284 M.
479 2228 603 2298 Phyllide
619 2245 691 2283 amo
699 2232 763 2283 aute
780 2230 863 2295 alias3
882 2246 945 2283 nam
962 2238 1007 2284 me
1027 2229 1168 2283 discedere
1185 2230 1268 2295 flevit,

416 2306 455 2360 lit
471 2305 582 2373 longum
600 2304 738 2374 Formose,
755 2305 823 2373 vale,
841 2304 910 2371 sale,
928 2305 1025 2374 iuquit,
1045 2304 1121 2358 Iolla.

451 2380 490 2435 D.
508 2381 597 2435 Triste
609 2381 689 2450 lupus
701 2381 823 2447 stabulis,
837 2380 952 2434 maturis
964 2380 1089 2449 frugibus
1100 2380 1211 2451 imbres,
1244 2398 1269 2435 so

417 2457 573 2513 Arboribus
589 2458 674 2526 venti,
692 2458 770 2513 nobis
789 2457 992 2527 Amaryllidis
984 2475 1049 2512 rrae.

415 2535 459 2590 Μ.
478 2534 566 2589 Duloe
584 2535 651 2594 satis
667 2499 772 2602 bumor,
791 2534 912 2604 depulsis
931 2534 1044 2589 arbutus
1062 2535 1165 2606 haedis,

415 2610 507 2666 Lenta
524 2611 593 2665 salix
610 2611 669 2666 feto
685 2612 784 2679 pecori,
803 2611 870 2665 mihi
889 2612 961 2666 solus
980 2613 1123 2681 Amyntas.

451 2688 490 2742 D.
505 2687 591 2741 Pollio
602 2690 677 2742 amat
689 2691 818 2756 nostram,
831 2689 955 2758 quamvis
967 2692 1011 2743 est
1023 2689 1132 2757 rustica,
1145 2687 1269 2746 Musam:

416 2762 551 2831 Pierides,
569 2763 683 2818 vitulam
701 2764 798 2817 lectori
816 2766 920 2834 pascite
938 2768 1037 2819 vestro.
1245 2781 1269 2821 ss

415 2840 462 2897 M.
481 2841 566 2894 Pollio
584 2841 691 2909 etipse
709 2840 775 2893 facit
793 2858 863 2895 nova
881 2841 1012 2895 canuina:
1029 2842 1135 2911 pascite
1151 2845 1269 2910 taurum,

416 2917 479 2973 Iam
496 2934 580 2971 cornu
598 2920 678 2986 petat
696 2917 860 2987 etpedibus
878 2918 926 2987 qui
944 2922 1056 2987 spargat
1073 2935 1192 2973 arenam.

450 2994 490 3047 D.
502 2993 555 3057 Ωιι
568 2997 606 3061 te,
620 2993 713 3061 Pollio,
726 2998 808 3061 amat,
821 2995 921 3062 veniat,
932 3010 986 3063 quo
995 2998 1024 3047 te
1032 3010 1141 3063 quoquo
1150 2994 1255 3063 gaudet
1261 3015 1269 3061 ς

415 3070 502 3127 Mella
519 3070 605 3125 fluant
622 3069 670 3137 illi,
688 3069 761 3124 ferat
779 3073 808 3124 et
826 3070 912 3124 rubus
930 3084 1011 3138 asper
1029 3086 1175 3127 amomum.

415 3146 459 3202 M.
477 3146 531 3212 Qui
543 3146 658 3200 Bavium
670 3163 724 3200 non
736 3146 802 3212 odit,
815 3149 889 3200 amet
901 3150 950 3200 tua
962 3145 1089 3212 earmina,
1103 3147 1202 3215 Maevi,
1245 3162 1270 3201 eo

417 3224 513 3291 Atque
531 3222 607 3276 idem
623 3223 719 3291 iungat
738 3222 834 3293 vulpes
852 3227 882 3278 et
898 3222 1019 3291 mulgeat
1038 3222 1133 3277 hireos.

450 3300 489 3353 D.
507 3299 561 3364 Ωιι
577 3299 670 3367 legitis
687 3301 768 3355 flores
786 3303 816 3354 et
833 3300 908 3353 humi
925 3300 1065 3353 nascentia
1082 3300 1165 3368 fraga,

417 3371 555 3445 Frigidus,
573 3393 589 3431 o
605 3375 692 3446 pueri,
709 3376 797 3444 fugite
814 3376 885 3444 hino,
902 3377 973 3431 latet
990 3376 1088 3445 anguis
1104 3376 1133 3428 iu
1150 3375 1242 3430 herba.

417 3451 460 3507 Μ.
480 3453 598 3521 Parcite,
617 3469 688 3523 oves,
709 3454 824 3509 nimium
842 3454 1016 3526 procedere:
1031 3470 1094 3508 uou
1104 3453 1187 3507 beue
1202 3450 1289 3513 ιιιιιι

413 3526 585 3594 θιοιιιιιιῇ
572 3547 583 3583 ι
581 3546 635 3599 pse
653 3531 729 3589 aries
748 3534 837 3591 etiam
853 3552 932 3593 nuno
949 3535 1063 3591 uellera
1078 3531 1182 3586 §iuuat
1281 3530 1315 3568 ιδ

431 3600 471 3653 B
493 3547 617 3675 ffll’fflps
611 3614 763 3679 Pasoentis
784 3632 805 3673 a
823 3615 948 3688 flumine
967 3615 1054 3672 reme
1071 3605 1223 3678 eupolis-⁸

404 3687 455 3741 μθ
475 3678 525 3732 ”¹³¹
544 3684 666 3758 ‘emim
684 3694 754 3765 erit,
775 3698 882 3756 omnis
900 3697 934 3756 iu
953 3697 1047 3753 ioute
1061 3682 1191 3745 umbo
