3467 4367
689 649 872 700 AENEIDOS
889 650 957 700 LIBr
976 649 1016 699 ΙΙ.
1233 651 1278 697 103

423 730 613 799 Desertosque
631 730 726 783 videre
743 730 815 783 locos
833 730 955 799 litusque
972 731 1105 785 relictum.

422 807 479 860 Hic
498 807 633 874 Dolopum
651 822 755 873 manus,
773 806 816 859 hic
834 823 932 860 saevus
948 806 1088 861 tendebat
1102 805 1238 873 Achillen

422 882 564 937 classibus
582 884 627 936 hic
643 883 734 946 locus;
753 882 797 935 hic
815 876 877 936 acie
891 888 997 937 certare
1016 884 1147 937 solebant.
1254 898 1279 937 so

422 958 492 1013 Pars
510 962 606 1027 stupet
624 959 757 1027 innuptae
776 958 878 1012 donum
897 960 1007 1014 exitiale
1025 960 1166 1013 Minervae

421 1034 460 1088 Et
477 1035 577 1088 molem
596 1035 731 1087 mirantur
748 1035 828 1102 equi;
846 1034 1006 1103 primusque
1024 1036 1186 1103 Thymoetes

421 1110 493 1165 Duci
510 1112 583 1165 intra
601 1127 694 1164 muros
711 1110 839 1164 hortatur
856 1113 886 1165 et
903 1127 965 1165 arce
983 1111 1072 1179 locari,

421 1188 485 1242 Sive
504 1187 574 1255 dolo,
593 1204 643 1241 seu
660 1187 715 1240 iam
733 1188 830 1241 Troiae
848 1187 887 1239 sic
904 1182 1113 1242 fata'ferebant.

421 1266 464 1317 At
482 1264 578 1333 Capys,
596 1267 626 1316 et
643 1279 760 1331 quorum
778 1262 876 1317 melior
894 1264 1030 1317 sententia
1047 1264 1142 1330 menti,
1253 1282 1277 1320 aa

421 1342 483 1393 Aut
500 1340 598 1408 pelago
616 1338 742 1392 Danaum
760 1338 875 1392 insidias
894 1344 1075 1408 suspectaque
1093 1341 1164 1394 dona
1227 1369 1230 1374 ·

420 1415 608 1484 Praecipitare
624 1415 729 1483 iubent,
748 1415 933 1484 subiectisque
951 1432 1031 1469 urere
1049 1415 1169 1483 flammis,

420 1494 480 1546 Aut
498 1492 640 1547 terebrare
658 1508 738 1546 cavas
755 1492 828 1546 uteri
846 1496 877 1547 et
894 1496 1032 1561 temptare
1049 1492 1174 1549 latebras.

398 1605 404 1616 .
419 1567 560 1622 Scinditur
578 1569 713 1623 incertum
732 1569 824 1623 studia
840 1569 870 1622 in
888 1569 1025 1623 contraria
1041 1569 1144 1637 volgus.

455 1644 563 1698 Primus
581 1644 625 1698 ibi·
638 1648 702 1699 ante
720 1646 816 1712 omnis,
834 1662 934 1713 magna
950 1646 1099 1699 comitante
1117 1648 1234 1713 caterva,
1251 1659 1276 1699 so

418 1720 543 1774 Laocoon
562 1721 663 1775 ardens
681 1738 787 1792 summa
805 1722 928 1775 decurrit
945 1721 980 1775 ab
997 1739 1067 1791 arce,

418 1797 457 1850 Et
473 1798 581 1865 procul:
603 1796 626 1850 Ο
646 1798 745 1865 miseri,
765 1815 835 1866 quae
853 1802 933 1873 tanta
950 1798 1061 1867 insania,
1080 1798 1169 1853 civesi

418 1872 540 1927 Creditis
558 1876 668 1931 avectos
685 1874 791 1929 bestisi
813 1878 862 1928 aut
879 1874 935 1929 ulla
953 1875 1057 1944 putatis

417 1948 498 2002 Dona
515 1965 608 2003 carere
627 1948 697 2003 dolis
715 1950 858 2006 Danaum?
880 1951 919 2005 sic
936 1954 1018 2025 notus
1036 1951 1150 2006 Ulixest

417 2025 480 2078 Aut
497 2024 549 2079 hoo
567 2024 663 2079 inclusi
681 2026 756 2094 ligno
774 2026 947 2081 occultantur
965 2027 1072 2093 Achivi,
1249 2042 1275 2082 ss

418 2103 479 2154 Aut
496 2100 563 2156 haec
580 2102 608 2154 in
626 2105 735 2155 nostros
751 2101 889 2157 fabricata
906 2107 949 2157 est
966 2103 1090 2155 machina
1106 2116 1199 2155 muros

418 2177 582 2246 Inspectura
599 2179 695 2231 domos
712 2182 883 2247 venturaque
900 2179 1018 2246 desuper
1037 2177 1107 2243 urbi,

418 2255 480 2307 Aut
497 2253 595 2322 aliquis
613 2254 683 2308 latet
701 2270 778 2308 error
788 2274 795 2320 ;
814 2271 886 2323 equo
904 2272 939 2308 ne
957 2254 1069 2321 credite,
1089 2254 1195 2306 Teucri.

418 2327 561 2397 Quidquid
578 2329 608 2383 id
626 2334 677 2397 cst,
696 2330 779 2384 timeo
798 2330 907 2384 Danaos
926 2337 955 2384 et
972 2329 1044 2383 dona
1062 2328 1183 2383 ferentis.

417 2405 464 2459 Sic
481 2406 554 2459 fatus
572 2406 669 2459 validis
686 2408 827 2475 ingentem
845 2408 949 2462 viribus
967 2406 1074 2461 hastam
1249 2422 1273 2461 so

418 2481 453 2533 In
471 2481 544 2535 latus
560 2483 644 2551 inque
661 2483 713 2537 feri
731 2500 840 2537 curvam
859 2484 1025 2552 conpagibus
1042 2483 1132 2536 alvum

417 2556 565 2611 contorsit.
602 2559 686 2613 Stetit
704 2559 751 2613 illa
768 2563 898 2628 tremens,
916 2563 1052 2628 uteroque
1070 2574 1180 2614 recusso

416 2634 568 2688 Insonuere
586 2652 668 2689 cavae
686 2636 876 2706 gemitumque
894 2636 998 2691 dedere
1015 2652 1156 2690 cavernae.

415 2709 462 2776 Et,
481 2710 504 2763 si
522 2711 580 2765 fata
598 2713 688 2781 deum,
707 2713 729 2767 si
747 2730 824 2767 mens
842 2731 895 2767 non
913 2713 990 2767 laeva
1008 2712 1115 2781 fnisset,

415 2785 561 2855 Inpulcrat
578 2789 652 2843 ferre
671 2789 815 2857 Argolicas
832 2789 943 2843 foedare
961 2788 1091 2857 latebras,
1246 2804 1272 2854 st

414 2862 559 2934 Troiaque,
577 2882 649 2919 nunc
667 2868 763 2934 stares,
783 2865 940 2933 Priamique
958 2881 1008 2918 arx
1026 2865 1090 2934 alta,
1109 2881 1242 2920 maneres.

452 2939 530 3009 Ecce,
548 2958 644 2995 manus
662 2942 788 2997 iuvenem
806 2942 912 2995 interea
929 2944 993 3010 post
1011 2945 1090 3009 terge
1107 2942 1260 2995 revinctum

414 3015 547 3071 Pastores
565 3035 663 3087 magno
680 3019 718 3072 ad
735 3035 828 3086 regem
846 3018 966 3072 clamore
984 3017 1132 3072 trahebant

414 3092 601 3161 Dardanidae,
621 3095 669 3163 qui
688 3112 717 3149 se
735 3096 858 3163 ignotum
877 3095 1051 3149 venientibus
1069 3093 1151 3161 ultro,

415 3168 479 3223 Hoc
490 3168 580 3238 ipsum
591 3174 623 3223 ut
636 3174 757 3225 strueret
770 3170 934 3239 Troiamque
946 3171 1067 3240 aperiret
1081 3169 1201 3239 Achivis,
1248 3186 1272 3226 so

416 3245 573 3313 Obtulerat,
592 3246 681 3302 fidens
699 3247 788 3315 animi,
805 3250 889 3315 atque
907 3247 936 3299 in
955 3250 1103 3315 utrumque
1121 3249 1243 3315 paratim,

416 3322 480 3381 Seu,
490 3338 600 3376 versare
618 3322 703 3391 dolos,
722 3341 770 3377 seu
788 3328 881 3377 certae
899 3323 1059 3377 occumbere
1077 3322 1168 3375 morti.

417 3398 549 3467 Undique
564 3399 672 3453 visendi
689 3399 781 3453 studio
800 3400 915 3453 Troiana
933 3399 1059 3453 iuventus

416 3475 588 3530 Circumfusa
603 3477 666 3541 ruit,
686 3479 852 3548 certantque
868 3476 1001 3532 iniudere
1017 3479 1112 3545 capto.

409 3550 515 3616 Accipe
529 3568 607 3605 nunc
620 3552 753 3609 Danaum
772 3554 904 3629 insidias,
921 3560 954 3614 et
973 3553 1098 3611 crimine
1115 3549 1158 3604 ab
1171 3558 1238 3599 mh
1294 3552 1327 3588 W

395 3619 482 3673 Disce
499 3627 596 3682 omnis.
1247 3687 1257 3701 .

384 3690 520 3761 Namque
537 3706 571 3756 nt
590 3716 758 3781 conspectu
776 3716 809 3772 in
831 3716 943 3775 medio
961 3713 1129 3773 turpatus
1141 3701 1296 3756 mm*
