3467 4367
486 626 530 673 138
718 624 748 670 P.
767 623 921 671 VERGILI
938 622 1101 671 Marsonia
1161 683 1164 689 Ι

517 700 633 757 Postera
649 700 760 770 iamque
778 701 839 755 dies
856 701 945 769 primo
963 700 1095 768 surgebat
1114 700 1153 754 llo
1164 721 1178 767 ¹,

483 780 707 847 Humentemque
727 778 835 831 Aurora
852 777 914 847 pole
933 776 1086 831 dimoverat
1103 778 1241 833 umbram:

467 855 551 910 *Cum
570 854 661 908 subito
678 871 695 909 e
712 853 794 917 silvis,
813 854 898 908 maeie
916 854 1040 907 eonleeta
1058 871 1193 923 suprema,
1301 871 1338 910 seo

483 931 575 999 Ignoti
592 946 662 984 nova
679 929 835 984 formaviri
853 929 1065 997 miserandaque
1083 930 1159 984 cultu

454 1032 459 1039 ·
483 1006 611 1060 Procedit
629 1006 798 1074 supplexque
816 1022 912 1059 manus
931 1005 967 1058 ad
985 1005 1065 1059 litora
1083 1007 1182 1062 tendit.

484 1082 661 1153 Respieimus
698 1082 765 1136 Dira
783 1082 898 1136 inluvies
916 1080 1084 1150 inmissaque
1101 1082 1197 1154 barba,

483 1160 645 1214 consertum
664 1160 794 1225 tegumen
813 1158 913 1226 spinis;
930 1161 960 1212 at
978 1161 1072 1211 cetera
1090 1158 1198 1229 Graius,

483 1236 520 1289 Et
537 1234 675 1304 quondam
692 1234 789 1302 patriis
805 1233 842 1288 ad
860 1233 969 1287 Troiam
987 1235 1086 1289 missus
1103 1235 1132 1289 in
1150 1237 1240 1292 armis.
1301 1254 1338 1291 sos

485 1312 567 1380 Isque
584 1310 632 1364 ubi
650 1309 804 1363 Dardanios
821 1309 932 1364 habitus
949 1314 979 1365 et
997 1310 1078 1364 Troia
1096 1312 1167 1367 vidit

485 1390 570 1441 Arma
586 1386 688 1455 procul,
706 1385 815 1455 paulum
834 1389 948 1455 aspectu
965 1388 1131 1441 conterritus
1149 1389 1243 1455 haesit,

482 1462 678 1532 Continuitque
695 1462 827 1531 gradum
845 1478 909 1515 mox
927 1479 987 1516 sese
1005 1461 1041 1516 ad
1059 1463 1141 1517 litora
1158 1481 1289 1535 praeceps

483 1541 551 1593 Cum
570 1539 637 1593 lietu
654 1538 837 1608 precibusque
855 1537 934 1592 tulit:
954 1538 1008 1592 Per
1028 1539 1119 1593 sidera
1137 1543 1232 1609 tester,

484 1617 537 1669 Per
554 1610 666 1683 superos
684 1620 767 1683 atque
785 1613 836 1667 hoe
854 1613 922 1667 eaeli
941 1613 1070 1682 spirabile
1088 1614 1189 1684 lumen,
1300 1633 1338 1671 ooo

483 1692 580 1746 Tollite
598 1707 649 1758 me,
668 1690 781 1755 Teucri;
798 1705 984 1758 quascumque
1001 1689 1129 1745 abducite
1147 1694 1250 1759 terras;

483 1768 544 1821 Hoc
562 1771 605 1820 sat
622 1768 682 1820 erit.
719 1765 781 1820 Seio
799 1782 844 1819 me
864 1766 967 1819 Danais
986 1783 1001 1820 e
1019 1766 1151 1820 classibus
1169 1785 1262 1837 uuum,

482 1844 520 1898 Et
536 1843 608 1897 bello
627 1843 725 1896 Iliacos
744 1841 833 1897 fateor
851 1841 965 1911 petiisse
984 1842 1102 1897 Penatis.

482 1920 537 1973 Pro
555 1936 615 1988 quo,
634 1919 656 1972 si
675 1918 785 1972 sceleris
802 1921 881 1973 tauta
898 1921 942 1972 est
960 1918 1058 1984 iniuria
1075 1920 1169 1986 nostri,

461 1999 465 2004 ’
482 1996 610 2066 Spargite
621 2013 666 2049 me
677 1996 705 2048 in
717 1994 824 2062 fluetus,
837 1998 969 2063 vastoque
982 1996 1128 2064 inmergite
1139 2000 1230 2065 ponte.
1300 2013 1337 2051 sos

482 2074 511 2127 si
528 2090 617 2141 pereo,
636 2071 776 2125 hominum
794 2070 920 2125 manibus
939 2070 1054 2139 periisse
1072 2072 1182 2126 iuvabit.

484 2149 603 2214 Dixerat,
621 2152 651 2202 et
668 2164 758 2216 genua
775 2147 917 2216 amplexus
934 2147 1105 2215 genibusque
1124 2148 1250 2203 volutans

483 2225 631 2279 Haerebat.
667 2224 720 2288 Qui
738 2223 782 2290 sit,
801 2223 859 2286 fari,
878 2240 932 2291 que
951 2223 1081 2291 sanguine
1099 2228 1198 2293 cretus,

482 2301 649 2366 Hortamur;
668 2318 738 2370 quae
757 2300 856 2354 deinde
874 2301 962 2369 agitet
979 2301 1097 2365 fortuna,
1115 2301 1202 2355 fateri.

482 2377 548 2446 Ipse
559 2382 638 2447 pater
650 2378 778 2431 dextram
793 2377 936 2444 Anchises,
951 2375 1024 2431 haud
1037 2376 1123 2430 multa
1135 2381 1265 2444 moratus,
1300 2394 1338 2432 oro

482 2453 538 2507 Dat
556 2453 653 2519 iuveni,
672 2456 756 2519 atque
774 2454 895 2506 animum
913 2454 1051 2521 praesenti
1068 2455 1181 2523 pignere
1199 2455 1297 2509 firmat.

484 2530 535 2583 Ille
553 2529 626 2595 haee,
645 2527 770 2596 deposita
787 2529 900 2583 tandem
918 2529 1070 2598 tormidine,
1088 2531 1174 2586 fatur:

483 2605 549 2679 Sum
566 2604 656 2673 patria
674 2620 708 2656 ex
727 2604 831 2671 lthaea,
849 2622 940 2659 eomes
959 2606 1073 2661 infelicis
1092 2607 1174 2675 Ulixi,

483 2682 592 2734 Nomen
612 2680 822 2748 Achemenides,
843 2681 950 2735 Troiam
968 2684 1093 2751 genitore
1113 2684 1263 2737 Adamasto

484 2758 841 2826 Paupere-mansissetque
855 2758 959 2812 utinam
972 2759 1082 2813 fortuna
1090 2761 1278 2829 l-profeetus,
1301 2775 1339 2813 ers

484 2834 607 2903 Hieme,
625 2834 691 2888 dum
709 2835 812 2903 trepidi
830 2836 952 2889 crudelia
969 2835 1063 2890 lirrrina
1080 2836 1216 2905 linquunt,

484 2911 651 2965 Inmemores
669 2912 734 2965 socii
752 2916 829 2966 vasto
849 2912 973 2981 Oyelopis
993 2913 1020 2966 in
1039 2917 1119 2968 antro

484 2986 644 3042 Deseruere.
681 2987 784 3041 Domus
803 2990 878 3043 sanie
898 2988 1069 3057 dapibusque
1088 2989 1216 3056 eruentis,

483 3061 562 3117 Intus
580 3081 671 3133 opaea,
689 3064 791 3132 ingens.
829 3067 893 3134 lpse
912 3065 1022 3134 arduus,
1041 3066 1151 3134 altaque
1168 3066 1260 3133 pulsat

484 3141 658 3204 sidera-Di,
677 3142 761 3194 talem
779 3144 861 3196 terris
880 3143 1171 3211 avertitepesteml—
1303 3156 1340 3195 sao

484 3213 508 3268 N
511 3234 541 3269 ee
559 3218 618 3270 visu
637 3217 723 3270 facilis
741 3235 791 3271 nee
809 3219 885 3273 dictu
904 3218 1031 3272 adfabilis
1050 3219 1105 3272 ulli.

483 3292 642 3347 Visceribus
660 3296 819 3349 miserorum
838 3299 867 3351 et
886 3296 1017 3363 sangiune
1036 3295 1156 3361 vescitur
1174 3298 1242 3348 atre.

484 3368 549 3422 Vidi
567 3373 683 3438 egomet,
702 3371 756 3424 duo
775 3372 810 3424 de
829 3388 941 3426 numere
960 3388 1021 3425 eum
1040 3387 1153 3438 corpora
1171 3373 1264 3424 nostro

478 3444 584 3499 Prensa
601 3464 685 3501 manu
705 3464 803 3517 magua
820 3449 911 3502 medie
930 3448 1073 3516 resupinus
1092 3447 1119 3498 in
1138 3448 1217 3499 antro

464 3519 629 3591 angeret
648 3526 684 3581 ad
705 3544 815 3595 sarum,
832 3527 967 3595 sanieque
985 3539 1117 3590 exsparsa
1130 3523 1259 3572 natarent
1305 3533 1343 3570 aas

452 3594 573 3655 Lr'mr'na
580 3621 590 3667 ,¹
612 3605 674 3659 vidi
696 3610 762 3661 atro
783 3624 851 3662 eum
870 3603 1003 3659 membra
1016 3597 1138 3652 liuentia
1151 3594 1220 3644 tabo

395 3731 398 3736 ,
440 3668 620 3751 Manderea
644 3688 676 3740 et
698 3684 801 3759 tepidi
822 3683 993 3742 tremerent
1009 3674 1066 3733 sub
1085 3665 1221 3724 destinas
1234 3662 1326 3711 artas.
