<?xml version="1.0" encoding="UTF-8"?>
<!DOCTYPE html PUBLIC "-//W3C//DTD XHTML 1.0 Transitional//EN"
    "http://www.w3.org/TR/xhtml1/DTD/xhtml1-transitional.dtd">
<html xmlns="http://www.w3.org/1999/xhtml" xml:lang="en" lang="en">
 <head>
  <title>
</title>
<meta http-equiv="Content-Type" content="text/html;charset=utf-8" />
  <meta name='ocr-system' content='tesseract 3.04.00' />
  <meta name='ocr-capabilities' content='ocr_page ocr_carea ocr_par ocr_line ocrx_word'/>
</head>
<body>
  <div class='ocr_page' id='page_1' title='image "./publivergilimar02virggoog/publivergilimar02virggoog_0309.png"; bbox 0 0 3467 4367; ppageno 0'>
   <div class='ocr_carea' id='block_1_1' title="bbox 688 623 1287 675">
    <p class='ocr_par' dir='ltr' id='par_1_1' title="bbox 688 623 1287 675">
     <span class='ocr_line' id='line_1_1' title="bbox 688 623 1287 675; baseline 0 -3"><span class='ocrx_word' id='word_1_1' title='bbox 688 624 871 675; x_wconf 77' lang='lat' dir='ltr'>AENEIDOS</span> <span class='ocrx_word' id='word_1_2' title='bbox 887 624 958 675; x_wconf 88' lang='lat' dir='ltr'><strong>LIB.</strong></span> <span class='ocrx_word' id='word_1_3' title='bbox 977 623 1028 673; x_wconf 88' lang='lat' dir='ltr'>XI.</span> <span class='ocrx_word' id='word_1_4' title='bbox 1240 628 1287 673; x_wconf 76' lang='lat'>299</span> 
     </span>
    </p>
   </div>
   <div class='ocr_carea' id='block_1_2' title="bbox 426 711 1313 3670">
    <p class='ocr_par' dir='ltr' id='par_1_2' title="bbox 435 711 1289 781">
     <span class='ocr_line' id='line_1_2' title="bbox 435 711 1289 781; baseline 0.002 -15"><span class='ocrx_word' id='word_1_5' title='bbox 435 711 531 767; x_wconf 84' lang='lat' dir='ltr'><strong>Dicam</strong></span> <span class='ocrx_word' id='word_1_6' title='bbox 548 712 684 781; x_wconf 83' lang='lat' dir='ltr'>equidem,</span> <span class='ocrx_word' id='word_1_7' title='bbox 695 712 760 767; x_wconf 88' lang='lat' dir='ltr'>lieet</span> <span class='ocrx_word' id='word_1_8' title='bbox 777 729 854 766; x_wconf 87' lang='lat' dir='ltr'>arma</span> <span class='ocrx_word' id='word_1_9' title='bbox 868 712 936 766; x_wconf 90' lang='lat' dir='ltr'>mihi</span> <span class='ocrx_word' id='word_1_10' title='bbox 950 713 1122 781; x_wconf 87' lang='lat' dir='ltr'>mortemque</span> <span class='ocrx_word' id='word_1_11' title='bbox 1134 712 1289 768; x_wconf 76' lang='lat' dir='ltr'>minetur-</span> 
     </span>
    </p>

    <p class='ocr_par' dir='ltr' id='par_1_3' title="bbox 435 787 1298 857">
     <span class='ocr_line' id='line_1_3' title="bbox 435 787 1298 857; baseline 0.002 -15"><span class='ocrx_word' id='word_1_12' title='bbox 435 789 551 842; x_wconf 88' lang='lat' dir='ltr'>Lumina</span> <span class='ocrx_word' id='word_1_13' title='bbox 567 792 611 843; x_wconf 77' lang='lat' dir='ltr'>tor</span> <span class='ocrx_word' id='word_1_14' title='bbox 628 787 760 842; x_wconf 84' lang='lat' dir='ltr'>cecidisse</span> <span class='ocrx_word' id='word_1_15' title='bbox 778 788 878 842; x_wconf 89' lang='lat' dir='ltr'>dueum</span> <span class='ocrx_word' id='word_1_16' title='bbox 896 792 1039 857; x_wconf 85' lang='lat' dir='ltr'>totamque</span> <span class='ocrx_word' id='word_1_17' title='bbox 1057 789 1183 843; x_wconf 85' lang='lat' dir='ltr'>ridemus</span> <span class='ocrx_word' id='word_1_18' title='bbox 1294 837 1298 844; x_wconf 94' lang='lat'><em>.</em></span> 
     </span>
    </p>

    <p class='ocr_par' dir='ltr' id='par_1_4' title="bbox 434 863 1290 935">
     <span class='ocr_line' id='line_1_4' title="bbox 434 863 1290 935; baseline 0.001 -17"><span class='ocrx_word' id='word_1_19' title='bbox 434 864 597 918; x_wconf 77' lang='lat' dir='ltr'>Consedisse</span> <span class='ocrx_word' id='word_1_20' title='bbox 614 863 711 917; x_wconf 87' lang='lat' dir='ltr'>urbem</span> <span class='ocrx_word' id='word_1_21' title='bbox 728 864 812 929; x_wconf 85' lang='lat' dir='ltr'>luctu,</span> <span class='ocrx_word' id='word_1_22' title='bbox 831 864 898 918; x_wconf 91' lang='lat' dir='ltr'>dum</span> <span class='ocrx_word' id='word_1_23' title='bbox 915 865 996 919; x_wconf 82' lang='lat' dir='ltr'>Troia</span> <span class='ocrx_word' id='word_1_24' title='bbox 1013 867 1134 935; x_wconf 86' lang='lat' dir='ltr'>temptat</span> <span class='ocrx_word' id='word_1_25' title='bbox 1252 879 1290 919; x_wconf 80' lang='lat' dir='ltr'>eso</span> 
     </span>
    </p>

    <p class='ocr_par' dir='ltr' id='par_1_5' title="bbox 435 939 1166 1014">
     <span class='ocr_line' id='line_1_5' title="bbox 435 939 1166 1014; baseline 0.004 -20"><span class='ocrx_word' id='word_1_26' title='bbox 435 940 542 1007; x_wconf 83' lang='lat' dir='ltr'>Castra,</span> <span class='ocrx_word' id='word_1_27' title='bbox 559 939 641 1008; x_wconf 84' lang='lat' dir='ltr'>fugae</span> <span class='ocrx_word' id='word_1_28' title='bbox 659 939 755 1006; x_wconf 88' lang='lat' dir='ltr'>fidens,</span> <span class='ocrx_word' id='word_1_29' title='bbox 773 943 803 995; x_wconf 86' lang='lat' dir='ltr'>et</span> <span class='ocrx_word' id='word_1_30' title='bbox 821 940 927 993; x_wconf 85' lang='lat' dir='ltr'>caelum</span> <span class='ocrx_word' id='word_1_31' title='bbox 944 942 1056 996; x_wconf 84' lang='lat' dir='ltr'>territat</span> <span class='ocrx_word' id='word_1_32' title='bbox 1073 941 1166 1014; x_wconf 83' lang='lat' dir='ltr'>armis.</span> 
     </span>
    </p>

    <p class='ocr_par' dir='ltr' id='par_1_6' title="bbox 434 1015 1127 1084">
     <span class='ocr_line' id='line_1_6' title="bbox 434 1015 1127 1084; baseline 0.003 -14"><span class='ocrx_word' id='word_1_33' title='bbox 434 1016 527 1072; x_wconf 82' lang='lat' dir='ltr'>Unum</span> <span class='ocrx_word' id='word_1_34' title='bbox 545 1016 628 1071; x_wconf 81' lang='lat' dir='ltr'>etiam</span> <span class='ocrx_word' id='word_1_35' title='bbox 646 1015 725 1070; x_wconf 90' lang='lat' dir='ltr'>donis</span> <span class='ocrx_word' id='word_1_36' title='bbox 741 1016 810 1083; x_wconf 82' lang='lat' dir='ltr'>istis,</span> <span class='ocrx_word' id='word_1_37' title='bbox 829 1033 901 1084; x_wconf 91' lang='lat' dir='ltr'>quae</span> <span class='ocrx_word' id='word_1_38' title='bbox 918 1016 1037 1084; x_wconf 88' lang='lat' dir='ltr'>plurima</span> <span class='ocrx_word' id='word_1_39' title='bbox 1053 1017 1127 1072; x_wconf 83' lang='lat' dir='ltr'>mitti</span> 
     </span>
    </p>

    <p class='ocr_par' dir='ltr' id='par_1_7' title="bbox 435 1092 1196 1162">
     <span class='ocr_line' id='line_1_7' title="bbox 435 1092 1196 1162; baseline 0.004 -17"><span class='ocrx_word' id='word_1_40' title='bbox 435 1092 603 1147; x_wconf 81' lang='lat' dir='ltr'>Dardanidis</span> <span class='ocrx_word' id='word_1_41' title='bbox 620 1092 730 1161; x_wconf 88' lang='lat' dir='ltr'>dieique</span> <span class='ocrx_word' id='word_1_42' title='bbox 747 1093 832 1157; x_wconf 89' lang='lat' dir='ltr'>iubes,</span> <span class='ocrx_word' id='word_1_43' title='bbox 849 1109 943 1160; x_wconf 88' lang='lat' dir='ltr'>nuum,</span> <span class='ocrx_word' id='word_1_44' title='bbox 961 1095 1074 1161; x_wconf 88' lang='lat' dir='ltr'>optume</span> <span class='ocrx_word' id='word_1_45' title='bbox 1090 1110 1196 1162; x_wconf 81' lang='lat' dir='ltr'>regum,</span> 
     </span>
    </p>

    <p class='ocr_par' dir='ltr' id='par_1_8' title="bbox 436 1168 1057 1237">
     <span class='ocr_line' id='line_1_8' title="bbox 436 1168 1057 1237; baseline 0.003 -16"><span class='ocrx_word' id='word_1_46' title='bbox 436 1169 573 1235; x_wconf 84' lang='lat' dir='ltr'>Adiieias;</span> <span class='ocrx_word' id='word_1_47' title='bbox 596 1185 647 1223; x_wconf 86' lang='lat' dir='ltr'>uec</span> <span class='ocrx_word' id='word_1_48' title='bbox 664 1172 694 1223; x_wconf 85' lang='lat' dir='ltr'>te</span> <span class='ocrx_word' id='word_1_49' title='bbox 711 1168 793 1222; x_wconf 88' lang='lat' dir='ltr'>ullius</span> <span class='ocrx_word' id='word_1_50' title='bbox 811 1168 942 1222; x_wconf 85' lang='lat' dir='ltr'>violentia</span> <span class='ocrx_word' id='word_1_51' title='bbox 959 1168 1057 1237; x_wconf 82' lang='lat' dir='ltr'>vincat,</span> 
     </span>
    </p>

    <p class='ocr_par' dir='ltr' id='par_1_9' title="bbox 435 1245 1289 1316">
     <span class='ocr_line' id='line_1_9' title="bbox 435 1245 1289 1316; baseline -0.002 -16"><span class='ocrx_word' id='word_1_52' title='bbox 435 1245 507 1310; x_wconf 86' lang='lat' dir='ltr'>Quin</span> <span class='ocrx_word' id='word_1_53' title='bbox 523 1252 616 1301; x_wconf 88' lang='lat' dir='ltr'>natam</span> <span class='ocrx_word' id='word_1_54' title='bbox 634 1247 745 1316; x_wconf 83' lang='lat' dir='ltr'>egregio</span> <span class='ocrx_word' id='word_1_55' title='bbox 762 1263 863 1315; x_wconf 87' lang='lat' dir='ltr'>genero</span> <span class='ocrx_word' id='word_1_56' title='bbox 882 1245 1028 1315; x_wconf 83' lang='lat' dir='ltr'>dignisque</span> <span class='ocrx_word' id='word_1_57' title='bbox 1045 1246 1201 1315; x_wconf 79' lang='lat' dir='ltr'>hymenaeis</span> <span class='ocrx_word' id='word_1_58' title='bbox 1252 1260 1289 1298; x_wconf 82' lang='lat' dir='ltr'>sss</span> 
     </span>
    </p>

    <p class='ocr_par' dir='ltr' id='par_1_10' title="bbox 435 1322 1221 1392">
     <span class='ocr_line' id='line_1_10' title="bbox 435 1322 1221 1392; baseline 0.003 -18"><span class='ocrx_word' id='word_1_59' title='bbox 435 1322 491 1376; x_wconf 91' lang='lat' dir='ltr'>Des</span> <span class='ocrx_word' id='word_1_60' title='bbox 508 1326 595 1392; x_wconf 85' lang='lat' dir='ltr'>pater,</span> <span class='ocrx_word' id='word_1_61' title='bbox 614 1327 644 1378; x_wconf 87' lang='lat' dir='ltr'>et</span> <span class='ocrx_word' id='word_1_62' title='bbox 660 1340 755 1392; x_wconf 77' lang='lat' dir='ltr'>paoem</span> <span class='ocrx_word' id='word_1_63' title='bbox 773 1323 843 1376; x_wconf 88' lang='lat' dir='ltr'>hane</span> <span class='ocrx_word' id='word_1_64' title='bbox 860 1324 974 1377; x_wconf 84' lang='lat' dir='ltr'>aeterno</span> <span class='ocrx_word' id='word_1_65' title='bbox 991 1322 1103 1376; x_wconf 84' lang='lat' dir='ltr'>foedere</span> <span class='ocrx_word' id='word_1_66' title='bbox 1121 1322 1221 1376; x_wconf 88' lang='lat' dir='ltr'>firmes.</span> 
     </span>
    </p>

    <p class='ocr_par' dir='ltr' id='par_1_11' title="bbox 434 1398 1184 1466">
     <span class='ocr_line' id='line_1_11' title="bbox 434 1398 1184 1466; baseline 0 -15"><span class='ocrx_word' id='word_1_67' title='bbox 434 1398 515 1461; x_wconf 83' lang='lat' dir='ltr'>Quod</span> <span class='ocrx_word' id='word_1_68' title='bbox 532 1399 555 1452; x_wconf 89' lang='lat' dir='ltr'>si</span> <span class='ocrx_word' id='word_1_69' title='bbox 573 1403 668 1453; x_wconf 84' lang='lat' dir='ltr'>tantus</span> <span class='ocrx_word' id='word_1_70' title='bbox 684 1399 770 1453; x_wconf 84' lang='lat' dir='ltr'>habet</span> <span class='ocrx_word' id='word_1_71' title='bbox 788 1402 895 1452; x_wconf 84' lang='lat' dir='ltr'>mentes</span> <span class='ocrx_word' id='word_1_72' title='bbox 912 1401 942 1452; x_wconf 90' lang='lat' dir='ltr'>et</span> <span class='ocrx_word' id='word_1_73' title='bbox 958 1401 1071 1466; x_wconf 87' lang='lat' dir='ltr'>pectora</span> <span class='ocrx_word' id='word_1_74' title='bbox 1087 1401 1184 1466; x_wconf 87' lang='lat' dir='ltr'>terror,</span> 
     </span>
    </p>

    <p class='ocr_par' dir='ltr' id='par_1_12' title="bbox 435 1473 1179 1547">
     <span class='ocr_line' id='line_1_12' title="bbox 435 1473 1179 1547; baseline 0.004 -21"><span class='ocrx_word' id='word_1_75' title='bbox 435 1474 530 1542; x_wconf 89' lang='lat' dir='ltr'>Ipsum</span> <span class='ocrx_word' id='word_1_76' title='bbox 548 1474 728 1547; x_wconf 80' lang='lat' dir='ltr'>obtestemur,</span> <span class='ocrx_word' id='word_1_77' title='bbox 746 1474 908 1542; x_wconf 85' lang='lat' dir='ltr'>veniamque</span> <span class='ocrx_word' id='word_1_78' title='bbox 926 1490 1035 1527; x_wconf 88' lang='lat' dir='ltr'>oremus</span> <span class='ocrx_word' id='word_1_79' title='bbox 1052 1473 1088 1527; x_wconf 88' lang='lat' dir='ltr'>ab</span> <span class='ocrx_word' id='word_1_80' title='bbox 1105 1473 1179 1543; x_wconf 89' lang='lat' dir='ltr'>ipso:</span> 
     </span>
    </p>

    <p class='ocr_par' dir='ltr' id='par_1_13' title="bbox 435 1549 1155 1618">
     <span class='ocr_line' id='line_1_13' title="bbox 435 1549 1155 1618; baseline 0.003 -16"><span class='ocrx_word' id='word_1_81' title='bbox 435 1549 531 1614; x_wconf 82' lang='lat' dir='ltr'>(ledat,</span> <span class='ocrx_word' id='word_1_82' title='bbox 549 1549 593 1602; x_wconf 90' lang='lat' dir='ltr'>ius</span> <span class='ocrx_word' id='word_1_83' title='bbox 610 1550 751 1618; x_wconf 85' lang='lat' dir='ltr'>proprium</span> <span class='ocrx_word' id='word_1_84' title='bbox 768 1549 826 1617; x_wconf 85' lang='lat' dir='ltr'>regi</span> <span class='ocrx_word' id='word_1_85' title='bbox 844 1549 1006 1618; x_wconf 82' lang='lat' dir='ltr'>patriaeque</span> <span class='ocrx_word' id='word_1_86' title='bbox 1024 1550 1155 1604; x_wconf 76' lang='lat' dir='ltr'>remittat</span> 
     </span>
    </p>

    <p class='ocr_par' dir='ltr' id='par_1_14' title="bbox 434 1624 1290 1695">
     <span class='ocr_line' id='line_1_14' title="bbox 434 1624 1290 1695; baseline 0.001 -18"><span class='ocrx_word' id='word_1_87' title='bbox 434 1624 507 1688; x_wconf 83' lang='lat' dir='ltr'>Quid</span> <span class='ocrx_word' id='word_1_88' title='bbox 524 1624 638 1678; x_wconf 87' lang='lat' dir='ltr'>miseros</span> <span class='ocrx_word' id='word_1_89' title='bbox 655 1625 756 1678; x_wconf 88' lang='lat' dir='ltr'>totiens</span> <span class='ocrx_word' id='word_1_90' title='bbox 773 1624 802 1677; x_wconf 93' lang='lat' dir='ltr'>in</span> <span class='ocrx_word' id='word_1_91' title='bbox 820 1629 916 1693; x_wconf 84' lang='lat' dir='ltr'>aperta</span> <span class='ocrx_word' id='word_1_92' title='bbox 933 1625 1054 1695; x_wconf 84' lang='lat' dir='ltr'>pericula</span> <span class='ocrx_word' id='word_1_93' title='bbox 1070 1625 1137 1680; x_wconf 87' lang='lat' dir='ltr'>eivis</span> <span class='ocrx_word' id='word_1_94' title='bbox 1251 1640 1290 1678; x_wconf 88' lang='lat' dir='ltr'>seo</span> 
     </span>
    </p>

    <p class='ocr_par' dir='ltr' id='par_1_15' title="bbox 435 1699 1230 1769">
     <span class='ocr_line' id='line_1_15' title="bbox 435 1699 1230 1769; baseline 0.009 -19"><span class='ocrx_word' id='word_1_95' title='bbox 435 1700 554 1767; x_wconf 88' lang='lat' dir='ltr'>Proiieis,</span> <span class='ocrx_word' id='word_1_96' title='bbox 573 1716 590 1754; x_wconf 94' lang='lat' dir='ltr'>o</span> <span class='ocrx_word' id='word_1_97' title='bbox 608 1699 689 1754; x_wconf 84' lang='lat' dir='ltr'>Latio</span> <span class='ocrx_word' id='word_1_98' title='bbox 705 1703 788 1769; x_wconf 82' lang='lat' dir='ltr'>eaput</span> <span class='ocrx_word' id='word_1_99' title='bbox 805 1701 902 1754; x_wconf 89' lang='lat' dir='ltr'>horum</span> <span class='ocrx_word' id='word_1_100' title='bbox 920 1704 949 1756; x_wconf 88' lang='lat' dir='ltr'>et</span> <span class='ocrx_word' id='word_1_101' title='bbox 967 1706 1062 1755; x_wconf 83' lang='lat' dir='ltr'>caussa</span> <span class='ocrx_word' id='word_1_102' title='bbox 1079 1701 1230 1767; x_wconf 86' lang='lat' dir='ltr'>maloruml</span> 
     </span>
    </p>

    <p class='ocr_par' dir='ltr' id='par_1_16' title="bbox 433 1774 1153 1846">
     <span class='ocr_line' id='line_1_16' title="bbox 433 1774 1153 1846; baseline 0.006 -18"><span class='ocrx_word' id='word_1_103' title='bbox 433 1774 517 1829; x_wconf 90' lang='lat' dir='ltr'>Nulla</span> <span class='ocrx_word' id='word_1_104' title='bbox 534 1777 607 1830; x_wconf 87' lang='lat' dir='ltr'>salus</span> <span class='ocrx_word' id='word_1_105' title='bbox 624 1776 711 1842; x_wconf 93' lang='lat' dir='ltr'>bello;</span> <span class='ocrx_word' id='word_1_106' title='bbox 734 1792 830 1845; x_wconf 84' lang='lat' dir='ltr'>paoem</span> <span class='ocrx_word' id='word_1_107' title='bbox 848 1778 1032 1845; x_wconf 84' lang='lat' dir='ltr'>tepescimus</span> <span class='ocrx_word' id='word_1_108' title='bbox 1050 1794 1153 1846; x_wconf 91' lang='lat' dir='ltr'>omnes,</span> 
     </span>
    </p>

    <p class='ocr_par' dir='ltr' id='par_1_17' title="bbox 432 1849 1125 1923">
     <span class='ocr_line' id='line_1_17' title="bbox 432 1849 1125 1923; baseline 0.006 -18"><span class='ocrx_word' id='word_1_109' title='bbox 432 1850 530 1920; x_wconf 75' lang='lat' dir='ltr'>Turne,</span> <span class='ocrx_word' id='word_1_110' title='bbox 549 1853 629 1907; x_wconf 89' lang='lat' dir='ltr'>simul</span> <span class='ocrx_word' id='word_1_111' title='bbox 647 1852 722 1921; x_wconf 77' lang='lat' dir='ltr'>pacis</span> <span class='ocrx_word' id='word_1_112' title='bbox 740 1849 827 1906; x_wconf 75' lang='lat' dir='ltr'>solutis</span> <span class='ocrx_word' id='word_1_113' title='bbox 845 1853 1000 1908; x_wconf 84' lang='lat' dir='ltr'>inviolabile</span> <span class='ocrx_word' id='word_1_114' title='bbox 1017 1854 1125 1923; x_wconf 85' lang='lat' dir='ltr'>pignus.</span> 
     </span>
    </p>

    <p class='ocr_par' dir='ltr' id='par_1_18' title="bbox 433 1927 1206 1998">
     <span class='ocr_line' id='line_1_18' title="bbox 433 1927 1206 1998; baseline 0.008 -19"><span class='ocrx_word' id='word_1_115' title='bbox 433 1927 541 1982; x_wconf 85' lang='lat' dir='ltr'>Primus</span> <span class='ocrx_word' id='word_1_116' title='bbox 559 1945 618 1997; x_wconf 85' lang='lat' dir='ltr'>ego,</span> <span class='ocrx_word' id='word_1_117' title='bbox 636 1928 753 1983; x_wconf 86' lang='lat' dir='ltr'>inrisum</span> <span class='ocrx_word' id='word_1_118' title='bbox 771 1946 853 1998; x_wconf 85' lang='lat' dir='ltr'>quem</span> <span class='ocrx_word' id='word_1_119' title='bbox 872 1932 905 1982; x_wconf 82' lang='lat' dir='ltr'>tu</span> <span class='ocrx_word' id='word_1_120' title='bbox 922 1930 974 1984; x_wconf 90' lang='lat' dir='ltr'>tibi</span> <span class='ocrx_word' id='word_1_121' title='bbox 992 1930 1080 1998; x_wconf 81' lang='lat' dir='ltr'>fingis,</span> <span class='ocrx_word' id='word_1_122' title='bbox 1099 1933 1129 1985; x_wconf 85' lang='lat' dir='ltr'>et</span> <span class='ocrx_word' id='word_1_123' title='bbox 1146 1946 1206 1985; x_wconf 91' lang='lat' dir='ltr'>esse</span> 
     </span>
    </p>

    <p class='ocr_par' dir='ltr' id='par_1_19' title="bbox 433 2003 1288 2074">
     <span class='ocr_line' id='line_1_19' title="bbox 433 2003 1288 2074; baseline 0.005 -18"><span class='ocrx_word' id='word_1_124' title='bbox 433 2003 479 2057; x_wconf 91' lang='lat' dir='ltr'>Nil</span> <span class='ocrx_word' id='word_1_125' title='bbox 496 2021 595 2070; x_wconf 91' lang='lat' dir='ltr'>moror,</span> <span class='ocrx_word' id='word_1_126' title='bbox 608 2021 642 2058; x_wconf 90' lang='lat' dir='ltr'>en</span> <span class='ocrx_word' id='word_1_127' title='bbox 660 2005 775 2074; x_wconf 88' lang='lat' dir='ltr'>supplex</span> <span class='ocrx_word' id='word_1_128' title='bbox 793 2005 880 2059; x_wconf 89' lang='lat' dir='ltr'>venio.</span> <span class='ocrx_word' id='word_1_129' title='bbox 915 2006 1049 2060; x_wconf 86' lang='lat' dir='ltr'>Miserere</span> <span class='ocrx_word' id='word_1_130' title='bbox 1063 2009 1181 2072; x_wconf 85' lang='lat' dir='ltr'>tuorum,</span> <span class='ocrx_word' id='word_1_131' title='bbox 1250 2022 1288 2061; x_wconf 84' lang='lat' dir='ltr'>ses</span> 
     </span>
    </p>

    <p class='ocr_par' dir='ltr' id='par_1_20' title="bbox 434 2079 1136 2150">
     <span class='ocr_line' id='line_1_20' title="bbox 434 2079 1136 2150; baseline 0.004 -19"><span class='ocrx_word' id='word_1_132' title='bbox 434 2079 508 2131; x_wconf 91' lang='lat' dir='ltr'>Pone</span> <span class='ocrx_word' id='word_1_133' title='bbox 525 2079 637 2147; x_wconf 89' lang='lat' dir='ltr'>animos,</span> <span class='ocrx_word' id='word_1_134' title='bbox 656 2083 685 2135; x_wconf 89' lang='lat' dir='ltr'>et</span> <span class='ocrx_word' id='word_1_135' title='bbox 701 2081 795 2149; x_wconf 90' lang='lat' dir='ltr'>pulsus</span> <span class='ocrx_word' id='word_1_136' title='bbox 813 2080 865 2136; x_wconf 87' lang='lat' dir='ltr'>abi.</span> <span class='ocrx_word' id='word_1_137' title='bbox 903 2082 952 2136; x_wconf 82' lang='lat' dir='ltr'>Sat</span> <span class='ocrx_word' id='word_1_138' title='bbox 969 2082 1065 2150; x_wconf 87' lang='lat' dir='ltr'>funera</span> <span class='ocrx_word' id='word_1_139' title='bbox 1082 2080 1136 2134; x_wconf 86' lang='lat' dir='ltr'>fusi</span> 
     </span>
    </p>

    <p class='ocr_par' dir='ltr' id='par_1_21' title="bbox 434 2153 1058 2224">
     <span class='ocr_line' id='line_1_21' title="bbox 434 2153 1058 2224; baseline 0.008 -19"><span class='ocrx_word' id='word_1_140' title='bbox 434 2153 568 2221; x_wconf 84' lang='lat' dir='ltr'>Vidimus,</span> <span class='ocrx_word' id='word_1_141' title='bbox 586 2154 705 2223; x_wconf 83' lang='lat' dir='ltr'>ingentis</span> <span class='ocrx_word' id='word_1_142' title='bbox 723 2160 752 2209; x_wconf 87' lang='lat' dir='ltr'>et</span> <span class='ocrx_word' id='word_1_143' title='bbox 768 2156 952 2211; x_wconf 80' lang='lat' dir='ltr'>desolavimus</span> <span class='ocrx_word' id='word_1_144' title='bbox 971 2173 1058 2224; x_wconf 83' lang='lat' dir='ltr'>agros.</span> 
     </span>
    </p>

    <p class='ocr_par' dir='ltr' id='par_1_22' title="bbox 434 2228 1149 2302">
     <span class='ocr_line' id='line_1_22' title="bbox 434 2228 1149 2302; baseline 0.007 -22"><span class='ocrx_word' id='word_1_145' title='bbox 434 2228 501 2297; x_wconf 88' lang='lat' dir='ltr'>Aut,</span> <span class='ocrx_word' id='word_1_146' title='bbox 519 2229 542 2283; x_wconf 90' lang='lat' dir='ltr'>si</span> <span class='ocrx_word' id='word_1_147' title='bbox 559 2230 632 2284; x_wconf 85' lang='lat' dir='ltr'>fama</span> <span class='ocrx_word' id='word_1_148' title='bbox 648 2235 748 2299; x_wconf 81' lang='lat' dir='ltr'>movet,</span> <span class='ocrx_word' id='word_1_149' title='bbox 767 2232 789 2286; x_wconf 93' lang='lat' dir='ltr'>si</span> <span class='ocrx_word' id='word_1_150' title='bbox 807 2236 917 2286; x_wconf 83' lang='lat' dir='ltr'>tantum</span> <span class='ocrx_word' id='word_1_151' title='bbox 935 2236 1047 2302; x_wconf 81' lang='lat' dir='ltr'>pectore</span> <span class='ocrx_word' id='word_1_152' title='bbox 1064 2232 1149 2285; x_wconf 89' lang='lat' dir='ltr'>robur</span> 
     </span>
    </p>

    <p class='ocr_par' dir='ltr' id='par_1_23' title="bbox 433 2303 1116 2375">
     <span class='ocr_line' id='line_1_23' title="bbox 433 2303 1116 2375; baseline 0.004 -18"><span class='ocrx_word' id='word_1_153' title='bbox 433 2303 565 2375; x_wconf 80' lang='lat' dir='ltr'>Concipis,</span> <span class='ocrx_word' id='word_1_154' title='bbox 583 2306 653 2360; x_wconf 87' lang='lat' dir='ltr'>etsi</span> <span class='ocrx_word' id='word_1_155' title='bbox 671 2307 741 2361; x_wconf 90' lang='lat' dir='ltr'>adeo</span> <span class='ocrx_word' id='word_1_156' title='bbox 759 2308 860 2361; x_wconf 90' lang='lat' dir='ltr'>dotalis</span> <span class='ocrx_word' id='word_1_157' title='bbox 877 2309 954 2375; x_wconf 87' lang='lat' dir='ltr'>regia</span> <span class='ocrx_word' id='word_1_158' title='bbox 971 2308 1047 2361; x_wconf 86' lang='lat' dir='ltr'>cordi</span> <span class='ocrx_word' id='word_1_159' title='bbox 1066 2311 1116 2375; x_wconf 91' lang='lat' dir='ltr'>est,</span> 
     </span>
    </p>

    <p class='ocr_par' dir='ltr' id='par_1_24' title="bbox 434 2380 1288 2451">
     <span class='ocr_line' id='line_1_24' title="bbox 434 2380 1288 2451; baseline 0.004 -18"><span class='ocrx_word' id='word_1_160' title='bbox 434 2380 524 2447; x_wconf 86' lang='lat' dir='ltr'>Aude,</span> <span class='ocrx_word' id='word_1_161' title='bbox 536 2384 621 2451; x_wconf 85' lang='lat' dir='ltr'>atque</span> <span class='ocrx_word' id='word_1_162' title='bbox 638 2383 784 2436; x_wconf 87' lang='lat' dir='ltr'>adversum</span> <span class='ocrx_word' id='word_1_163' title='bbox 802 2383 891 2437; x_wconf 86' lang='lat' dir='ltr'>fidens</span> <span class='ocrx_word' id='word_1_164' title='bbox 905 2383 948 2437; x_wconf 87' lang='lat' dir='ltr'>fer</span> <span class='ocrx_word' id='word_1_165' title='bbox 961 2387 1057 2451; x_wconf 87' lang='lat' dir='ltr'>pectus</span> <span class='ocrx_word' id='word_1_166' title='bbox 1072 2384 1100 2436; x_wconf 87' lang='lat' dir='ltr'>in</span> <span class='ocrx_word' id='word_1_167' title='bbox 1114 2383 1228 2438; x_wconf 86' lang='lat' dir='ltr'>hostem.</span> <span class='ocrx_word' id='word_1_168' title='bbox 1250 2399 1288 2439; x_wconf 82' lang='lat'>³70</span> 
     </span>
    </p>

    <p class='ocr_par' dir='ltr' id='par_1_25' title="bbox 433 2456 1102 2527">
     <span class='ocr_line' id='line_1_25' title="bbox 433 2456 1102 2527; baseline 0.004 -18"><span class='ocrx_word' id='word_1_169' title='bbox 433 2456 548 2525; x_wconf 81' lang='lat' dir='ltr'>Scilicet,</span> <span class='ocrx_word' id='word_1_170' title='bbox 566 2461 597 2512; x_wconf 87' lang='lat' dir='ltr'>ut</span> <span class='ocrx_word' id='word_1_171' title='bbox 615 2458 708 2512; x_wconf 77' lang='lat' dir='ltr'>Turno</span> <span class='ocrx_word' id='word_1_172' title='bbox 725 2459 866 2526; x_wconf 82' lang='lat' dir='ltr'>contingat</span> <span class='ocrx_word' id='word_1_173' title='bbox 884 2460 959 2526; x_wconf 83' lang='lat' dir='ltr'>regia</span> <span class='ocrx_word' id='word_1_174' title='bbox 978 2460 1102 2527; x_wconf 83' lang='lat' dir='ltr'>coniunx,</span> 
     </span>
    </p>

    <p class='ocr_par' dir='ltr' id='par_1_26' title="bbox 432 2532 1148 2603">
     <span class='ocr_line' id='line_1_26' title="bbox 432 2532 1148 2603; baseline 0.006 -19"><span class='ocrx_word' id='word_1_175' title='bbox 432 2532 459 2584; x_wconf 89' lang='lat' dir='ltr'>N</span> <span class='ocrx_word' id='word_1_176' title='bbox 460 2548 497 2601; x_wconf 89' lang='lat' dir='ltr'>os,</span> <span class='ocrx_word' id='word_1_177' title='bbox 516 2533 623 2587; x_wconf 87' lang='lat' dir='ltr'>animae</span> <span class='ocrx_word' id='word_1_178' title='bbox 641 2533 716 2602; x_wconf 86' lang='lat' dir='ltr'>viles,</span> <span class='ocrx_word' id='word_1_179' title='bbox 733 2534 874 2588; x_wconf 89' lang='lat' dir='ltr'>inhumata</span> <span class='ocrx_word' id='word_1_180' title='bbox 891 2535 1040 2603; x_wconf 84' lang='lat' dir='ltr'>infletaque</span> <span class='ocrx_word' id='word_1_181' title='bbox 1058 2534 1148 2603; x_wconf 83' lang='lat' dir='ltr'>turba,</span> 
     </span>
    </p>

    <p class='ocr_par' dir='ltr' id='par_1_27' title="bbox 432 2608 1154 2679">
     <span class='ocr_line' id='line_1_27' title="bbox 432 2608 1154 2679; baseline 0.003 -16"><span class='ocrx_word' id='word_1_182' title='bbox 432 2608 593 2663; x_wconf 74' lang='lat' dir='ltr'>snei-namur</span> <span class='ocrx_word' id='word_1_183' title='bbox 609 2610 719 2678; x_wconf 84' lang='lat' dir='ltr'>eampis.</span> <span class='ocrx_word' id='word_1_184' title='bbox 757 2611 847 2663; x_wconf 81' lang='lat' dir='ltr'>Etiam</span> <span class='ocrx_word' id='word_1_185' title='bbox 865 2614 905 2678; x_wconf 91' lang='lat' dir='ltr'>tu,</span> <span class='ocrx_word' id='word_1_186' title='bbox 924 2612 947 2664; x_wconf 91' lang='lat' dir='ltr'>si</span> <span class='ocrx_word' id='word_1_187' title='bbox 964 2628 1019 2679; x_wconf 91' lang='lat' dir='ltr'>qua</span> <span class='ocrx_word' id='word_1_188' title='bbox 1036 2611 1088 2665; x_wconf 90' lang='lat' dir='ltr'>tibi</span> <span class='ocrx_word' id='word_1_189' title='bbox 1106 2612 1154 2679; x_wconf 87' lang='lat' dir='ltr'>vis,</span> 
     </span>
    </p>

    <p class='ocr_par' dir='ltr' id='par_1_28' title="bbox 433 2684 1200 2755">
     <span class='ocr_line' id='line_1_28' title="bbox 433 2684 1200 2755; baseline 0.005 -18"><span class='ocrx_word' id='word_1_190' title='bbox 433 2685 461 2737; x_wconf 80' lang='lat' dir='ltr'>Si</span> <span class='ocrx_word' id='word_1_191' title='bbox 478 2686 562 2753; x_wconf 88' lang='lat' dir='ltr'>patrii</span> <span class='ocrx_word' id='word_1_192' title='bbox 580 2684 648 2751; x_wconf 91' lang='lat' dir='ltr'>quid</span> <span class='ocrx_word' id='word_1_193' title='bbox 666 2685 766 2740; x_wconf 88' lang='lat' dir='ltr'>Martis</span> <span class='ocrx_word' id='word_1_194' title='bbox 783 2686 875 2754; x_wconf 82' lang='lat' dir='ltr'>habes,</span> <span class='ocrx_word' id='word_1_195' title='bbox 894 2687 971 2739; x_wconf 90' lang='lat' dir='ltr'>illum</span> <span class='ocrx_word' id='word_1_196' title='bbox 990 2687 1081 2755; x_wconf 85' lang='lat' dir='ltr'>aspice</span> <span class='ocrx_word' id='word_1_197' title='bbox 1098 2691 1200 2754; x_wconf 86' lang='lat' dir='ltr'>eontra,</span> 
     </span>
    </p>

    <p class='ocr_par' dir='ltr' id='par_1_29' title="bbox 433 2760 1288 2903">
     <span class='ocr_line' id='line_1_29' title="bbox 433 2760 1288 2824; baseline 0.006 -12"><span class='ocrx_word' id='word_1_198' title='bbox 433 2760 486 2824; x_wconf 87' lang='lat' dir='ltr'>Qui</span> <span class='ocrx_word' id='word_1_199' title='bbox 504 2762 591 2813; x_wconf 83' lang='lat' dir='ltr'>voest</span> <span class='ocrx_word' id='word_1_200' title='bbox 754 2795 756 2799; x_wconf 16' lang='grc' dir='ltr'><em>Α</em></span> <span class='ocrx_word' id='word_1_201' title='bbox 1137 2787 1143 2795; x_wconf 73' lang='lat'>,</span> <span class='ocrx_word' id='word_1_202' title='bbox 1251 2778 1288 2817; x_wconf 83' lang='lat' dir='ltr'>ers</span> 
     </span>
     <span class='ocr_line' id='line_1_30' title="bbox 467 2834 1069 2903; baseline 0.007 -16"><span class='ocrx_word' id='word_1_203' title='bbox 467 2834 578 2887; x_wconf 81' lang='lat' dir='ltr'>Talibus</span> <span class='ocrx_word' id='word_1_204' title='bbox 596 2835 700 2888; x_wconf 79' lang='lat' dir='ltr'>exarsit</span> <span class='ocrx_word' id='word_1_205' title='bbox 718 2836 800 2890; x_wconf 88' lang='lat' dir='ltr'>dietis</span> <span class='ocrx_word' id='word_1_206' title='bbox 817 2838 947 2892; x_wconf 82' lang='lat' dir='ltr'>violentia</span> <span class='ocrx_word' id='word_1_207' title='bbox 965 2837 1069 2903; x_wconf 79' lang='lat' dir='ltr'>Turni3</span> 
     </span>
    </p>

    <p class='ocr_par' dir='ltr' id='par_1_30' title="bbox 435 2908 1202 2982">
     <span class='ocr_line' id='line_1_31' title="bbox 435 2908 1202 2982; baseline 0.009 -21"><span class='ocrx_word' id='word_1_208' title='bbox 435 2910 488 2962; x_wconf 89' lang='lat' dir='ltr'>Dat</span> <span class='ocrx_word' id='word_1_209' title='bbox 505 2908 646 2976; x_wconf 82' lang='lat' dir='ltr'>gemitum,</span> <span class='ocrx_word' id='word_1_210' title='bbox 664 2911 823 2979; x_wconf 84' lang='lat' dir='ltr'>rumpitque</span> <span class='ocrx_word' id='word_1_211' title='bbox 840 2912 889 2966; x_wconf 86' lang='lat' dir='ltr'>has</span> <span class='ocrx_word' id='word_1_212' title='bbox 906 2913 961 2967; x_wconf 89' lang='lat' dir='ltr'>imo</span> <span class='ocrx_word' id='word_1_213' title='bbox 979 2918 1090 2982; x_wconf 80' lang='lat' dir='ltr'>pertore</span> <span class='ocrx_word' id='word_1_214' title='bbox 1108 2930 1202 2969; x_wconf 85' lang='lat' dir='ltr'>voces:</span> 
     </span>
    </p>

    <p class='ocr_par' dir='ltr' id='par_1_31' title="bbox 432 2984 1183 3056">
     <span class='ocr_line' id='line_1_32' title="bbox 432 2984 1183 3056; baseline 0.009 -20"><span class='ocrx_word' id='word_1_215' title='bbox 432 2985 522 3053; x_wconf 81' lang='lat' dir='ltr'>Larga</span> <span class='ocrx_word' id='word_1_216' title='bbox 539 2984 659 3054; x_wconf 88' lang='lat' dir='ltr'>quidem,</span> <span class='ocrx_word' id='word_1_217' title='bbox 680 2985 795 3051; x_wconf 88' lang='lat' dir='ltr'>Drance,</span> <span class='ocrx_word' id='word_1_218' title='bbox 817 3004 926 3056; x_wconf 88' lang='lat' dir='ltr'>semper</span> <span class='ocrx_word' id='word_1_219' title='bbox 943 2988 995 3042; x_wconf 86' lang='lat' dir='ltr'>tibi</span> <span class='ocrx_word' id='word_1_220' title='bbox 1012 2988 1091 3055; x_wconf 90' lang='lat' dir='ltr'>eopia</span> <span class='ocrx_word' id='word_1_221' title='bbox 1107 2989 1183 3043; x_wconf 88' lang='lat' dir='ltr'>fandi</span> 
     </span>
    </p>

    <p class='ocr_par' dir='ltr' id='par_1_32' title="bbox 432 3060 1264 3133">
     <span class='ocr_line' id='line_1_33' title="bbox 432 3060 1264 3133; baseline 0.01 -21"><span class='ocrx_word' id='word_1_222' title='bbox 432 3060 509 3129; x_wconf 85' lang='lat' dir='ltr'>Tum,</span> <span class='ocrx_word' id='word_1_223' title='bbox 526 3078 587 3116; x_wconf 89' lang='lat' dir='ltr'>eum</span> <span class='ocrx_word' id='word_1_224' title='bbox 606 3060 680 3114; x_wconf 91' lang='lat' dir='ltr'>bella</span> <span class='ocrx_word' id='word_1_225' title='bbox 696 3077 793 3114; x_wconf 88' lang='lat' dir='ltr'>manus</span> <span class='ocrx_word' id='word_1_226' title='bbox 810 3067 940 3131; x_wconf 82' lang='lat' dir='ltr'>poseuut3</span> <span class='ocrx_word' id='word_1_227' title='bbox 963 3063 1144 3133; x_wconf 82' lang='lat' dir='ltr'>patribusque</span> <span class='ocrx_word' id='word_1_228' title='bbox 1161 3066 1264 3121; x_wconf 84' lang='lat' dir='ltr'>voeatis</span> 
     </span>
    </p>

    <p class='ocr_par' dir='ltr' id='par_1_33' title="bbox 434 3136 1288 3208">
     <span class='ocr_line' id='line_1_34' title="bbox 434 3136 1288 3208; baseline 0.008 -19"><span class='ocrx_word' id='word_1_229' title='bbox 434 3136 541 3189; x_wconf 89' lang='lat' dir='ltr'>Primus</span> <span class='ocrx_word' id='word_1_230' title='bbox 555 3138 629 3192; x_wconf 85' lang='lat' dir='ltr'>ades</span> <span class='ocrx_word' id='word_1_231' title='bbox 668 3137 723 3192; x_wconf 81' lang='lat' dir='ltr'>Sed</span> <span class='ocrx_word' id='word_1_232' title='bbox 741 3154 795 3190; x_wconf 89' lang='lat' dir='ltr'>non</span> <span class='ocrx_word' id='word_1_233' title='bbox 812 3138 944 3206; x_wconf 85' lang='lat' dir='ltr'>replenda</span> <span class='ocrx_word' id='word_1_234' title='bbox 963 3143 1007 3193; x_wconf 87' lang='lat' dir='ltr'>est</span> <span class='ocrx_word' id='word_1_235' title='bbox 1024 3140 1099 3192; x_wconf 85' lang='lat' dir='ltr'>ouria</span> <span class='ocrx_word' id='word_1_236' title='bbox 1117 3140 1214 3208; x_wconf 85' lang='lat' dir='ltr'>verbis,</span> <span class='ocrx_word' id='word_1_237' title='bbox 1249 3156 1288 3196; x_wconf 83' lang='lat' dir='ltr'>sso</span> 
     </span>
    </p>

    <p class='ocr_par' dir='ltr' id='par_1_34' title="bbox 433 3210 1231 3282">
     <span class='ocr_line' id='line_1_35' title="bbox 433 3210 1231 3282; baseline 0.013 -20"><span class='ocrx_word' id='word_1_238' title='bbox 433 3210 509 3273; x_wconf 81' lang='lat' dir='ltr'>Quae</span> <span class='ocrx_word' id='word_1_239' title='bbox 526 3215 587 3266; x_wconf 86' lang='lat' dir='ltr'>tuto</span> <span class='ocrx_word' id='word_1_240' title='bbox 605 3214 657 3268; x_wconf 88' lang='lat' dir='ltr'>tibi</span> <span class='ocrx_word' id='word_1_241' title='bbox 675 3231 775 3282; x_wconf 86' lang='lat' dir='ltr'>magna</span> <span class='ocrx_word' id='word_1_242' title='bbox 792 3214 890 3276; x_wconf 87' lang='lat' dir='ltr'>volant,</span> <span class='ocrx_word' id='word_1_243' title='bbox 907 3215 972 3268; x_wconf 91' lang='lat' dir='ltr'>dum</span> <span class='ocrx_word' id='word_1_244' title='bbox 992 3215 1108 3270; x_wconf 87' lang='lat' dir='ltr'>distinet</span> <span class='ocrx_word' id='word_1_245' title='bbox 1125 3216 1231 3271; x_wconf 84' lang='lat' dir='ltr'>hostem</span> 
     </span>
    </p>

    <p class='ocr_par' dir='ltr' id='par_1_35' title="bbox 433 3287 1175 3360">
     <span class='ocr_line' id='line_1_36' title="bbox 433 3287 1175 3360; baseline 0.011 -22"><span class='ocrx_word' id='word_1_246' title='bbox 433 3287 529 3353; x_wconf 85' lang='lat' dir='ltr'>Agger</span> <span class='ocrx_word' id='word_1_247' title='bbox 546 3304 693 3359; x_wconf 88' lang='lat' dir='ltr'>murorum,</span> <span class='ocrx_word' id='word_1_248' title='bbox 711 3300 762 3345; x_wconf 87' lang='lat' dir='ltr'>neo</span> <span class='ocrx_word' id='word_1_249' title='bbox 779 3291 914 3344; x_wconf 85' lang='lat' dir='ltr'>inundant</span> <span class='ocrx_word' id='word_1_250' title='bbox 932 3292 1063 3360; x_wconf 82' lang='lat' dir='ltr'>sanguine</span> <span class='ocrx_word' id='word_1_251' title='bbox 1080 3292 1175 3346; x_wconf 87' lang='lat' dir='ltr'>fossae.</span> 
     </span>
    </p>

    <p class='ocr_par' dir='ltr' id='par_1_36' title="bbox 434 3361 1236 3436">
     <span class='ocr_line' id='line_1_37' title="bbox 434 3361 1236 3436; baseline 0.012 -23"><span class='ocrx_word' id='word_1_252' title='bbox 434 3361 553 3415; x_wconf 88' lang='lat' dir='ltr'>Proinde</span> <span class='ocrx_word' id='word_1_253' title='bbox 571 3367 637 3418; x_wconf 90' lang='lat' dir='ltr'>tona</span> <span class='ocrx_word' id='word_1_254' title='bbox 655 3367 771 3436; x_wconf 88' lang='lat' dir='ltr'>eloquio,</span> <span class='ocrx_word' id='word_1_255' title='bbox 790 3369 901 3421; x_wconf 82' lang='lat' dir='ltr'>solitum</span> <span class='ocrx_word' id='word_1_256' title='bbox 920 3366 985 3433; x_wconf 86' lang='lat' dir='ltr'>tibi;</span> <span class='ocrx_word' id='word_1_257' title='bbox 1009 3384 1109 3436; x_wconf 90' lang='lat' dir='ltr'>meque</span> <span class='ocrx_word' id='word_1_258' title='bbox 1129 3369 1236 3423; x_wconf 89' lang='lat' dir='ltr'>timoris</span> 
     </span>
    </p>

    <p class='ocr_par' dir='ltr' id='par_1_37' title="bbox 433 3439 1152 3513">
     <span class='ocr_line' id='line_1_38' title="bbox 433 3439 1152 3513; baseline 0.013 -24"><span class='ocrx_word' id='word_1_259' title='bbox 433 3439 529 3504; x_wconf 87' lang='lat' dir='ltr'>Argue</span> <span class='ocrx_word' id='word_1_260' title='bbox 546 3441 585 3505; x_wconf 82' lang='lat' dir='ltr'>tu,</span> <span class='ocrx_word' id='word_1_261' title='bbox 603 3440 718 3509; x_wconf 88' lang='lat' dir='ltr'>Drauee,</span> <span class='ocrx_word' id='word_1_262' title='bbox 736 3444 846 3511; x_wconf 90' lang='lat' dir='ltr'>quando</span> <span class='ocrx_word' id='word_1_263' title='bbox 864 3447 908 3497; x_wconf 87' lang='lat' dir='ltr'>tot</span> <span class='ocrx_word' id='word_1_264' title='bbox 926 3444 1025 3513; x_wconf 80' lang='lat' dir='ltr'>stragis</span> <span class='ocrx_word' id='word_1_265' title='bbox 1043 3460 1152 3498; x_wconf 81' lang='lat' dir='ltr'>acervos</span> 
     </span>
    </p>

    <p class='ocr_par' dir='ltr' id='par_1_38' title="bbox 429 3514 1313 3591">
     <span class='ocr_line' id='line_1_39' title="bbox 429 3514 1313 3591; baseline 0.006 -25"><span class='ocrx_word' id='word_1_266' title='bbox 429 3514 598 3568; x_wconf 75' lang='lat' dir='ltr'>l&#39;euororum</span> <span class='ocrx_word' id='word_1_267' title='bbox 616 3519 665 3570; x_wconf 86' lang='lat' dir='ltr'>tua</span> <span class='ocrx_word' id='word_1_268' title='bbox 682 3518 783 3575; x_wconf 83' lang='lat' dir='ltr'>dextra</span> <span class='ocrx_word' id='word_1_269' title='bbox 799 3519 888 3588; x_wconf 80' lang='lat' dir='ltr'>dedit,</span> <span class='ocrx_word' id='word_1_270' title='bbox 903 3521 1070 3591; x_wconf 77' lang='lat' dir='ltr'>passimque</span> <span class='ocrx_word' id='word_1_271' title='bbox 1083 3518 1218 3583; x_wconf 61' lang='lat' dir='ltr'>tremens</span> <span class='ocrx_word' id='word_1_272' title='bbox 1267 3526 1313 3560; x_wconf 54' lang='lat' dir='ltr'>‘iffi</span> 
     </span>
    </p>

    <p class='ocr_par' dir='ltr' id='par_1_39' title="bbox 426 3590 1128 3670">
     <span class='ocr_line' id='line_1_40' title="bbox 426 3590 1128 3670; baseline 0.009 -29"><span class='ocrx_word' id='word_1_273' title='bbox 426 3590 548 3657; x_wconf 82' lang='lat' dir='ltr'>Insignis</span> <span class='ocrx_word' id='word_1_274' title='bbox 564 3608 654 3661; x_wconf 83' lang='lat' dir='ltr'>agros.</span> <span class='ocrx_word' id='word_1_275' title='bbox 695 3595 791 3654; x_wconf 86' lang='lat' dir='ltr'>Possit</span> <span class='ocrx_word' id='word_1_276' title='bbox 809 3599 882 3670; x_wconf 86' lang='lat' dir='ltr'>quid</span> <span class='ocrx_word' id='word_1_277' title='bbox 899 3599 1003 3655; x_wconf 74' lang='lat' dir='ltr'>uiuida</span> <span class='ocrx_word' id='word_1_278' title='bbox 1016 3598 1128 3660; x_wconf 73' lang='lat' dir='ltr'>uirtus,</span> 
     </span>
    </p>
   </div>
   <div class='ocr_carea' id='block_1_3' title="bbox 414 3662 1126 3786">
    <p class='ocr_par' dir='ltr' id='par_1_40' title="bbox 414 3662 1126 3786">
     <span class='ocr_line' id='line_1_41' title="bbox 414 3662 1126 3786; baseline 0.001 -64"><span class='ocrx_word' id='word_1_279' title='bbox 414 3662 571 3786; x_wconf 53' lang='lat' dir='ltr'>Expgr&#39;are</span> <span class='ocrx_word' id='word_1_280' title='bbox 589 3670 676 3741; x_wconf 77' lang='lat' dir='ltr'>lieet3</span> <span class='ocrx_word' id='word_1_281' title='bbox 699 3693 753 3733; x_wconf 87' lang='lat' dir='ltr'>nee</span> <span class='ocrx_word' id='word_1_282' title='bbox 772 3678 863 3751; x_wconf 76' lang='lat' dir='ltr'>louge</span> <span class='ocrx_word' id='word_1_283' title='bbox 879 3678 1001 3735; x_wconf 57' lang='lat' dir='ltr'>sellim</span> <span class='ocrx_word' id='word_1_284' title='bbox 1013 3674 1126 3729; x_wconf 64' lang='lat' dir='ltr'>nosses</span> 
     </span>
    </p>
   </div>
   <div class='ocr_carea' id='block_1_4' title="bbox 0 0 1738 4367">
    <p class='ocr_par' dir='ltr' id='par_1_41' title="bbox 0 0 1738 4367">
     <span class='ocr_line' id='line_1_42' title="bbox 0 0 1738 4367; baseline 0 1"><span class='ocrx_word' id='word_1_285' title='bbox 0 0 1738 4367; x_wconf 95' lang='lat' dir='ltr'> </span> 
     </span>
    </p>
   </div>
  </div>
 </body>
</html>
