3467 4367
486 627 532 679 176
717 624 746 672 Ρ.
764 624 919 674 VERGILI
936 624 1100 677 MARon

486 706 638 774 Sideraque
655 719 781 759 ememus
798 705 920 778 ferimur,
938 707 1005 761 dum
1021 724 1073 776 per
1089 724 1166 765 mare
1182 726 1313 782 magnum

487 783 597 837 ltaliam
614 780 754 849 sequimur
769 781 928 851 fugientem,
945 787 975 839 et
993 784 1126 839 volvimur
1142 787 1231 844 undis.

486 859 542 913 Hic
559 858 653 929 Erycis
670 858 739 912 fines
755 858 877 927 fraterni,
895 863 978 929 saque
994 861 1094 931 hospes
1113 864 1243 919 Acestes:
1301 880 1338 922 eso

485 936 553 1002 Quis
569 934 697 1004 prohibet
713 950 805 988 muros
822 935 911 991 iacere
929 940 958 991 et
976 936 1043 990 dare
1061 937 1164 992 civibus
1179 939 1294 998 urbemi

485 1011 509 1064 Ο
527 1011 618 1081 patris
635 1016 664 1065 et
681 1012 755 1080 rapti
771 1012 937 1082 nequiquam
955 1029 990 1066 ex
1007 1013 1086 1068 hoste
1105 1015 1232 1084 Penates,

424 1134 427 1138 ,
484 1088 602 1143 Nullane
618 1088 673 1141 iam
692 1088 788 1141 Troiae
806 1088 934 1144 dicentur
950 1089 1073 1153 moenia?
1090 1107 1226 1160 nusquam

485 1165 638 1219 Hectoreos
655 1165 750 1234 amnis,
768 1164 910 1219 Xanthum
928 1169 958 1220 et
976 1166 1121 1234 Simoente,
1139 1166 1259 1224 ridebo?

486 1241 557 1306 Quin
574 1242 648 1311 agite
665 1246 695 1297 et
711 1258 818 1297 mecum
834 1242 966 1296 infaustas
983 1244 1091 1297 exurite
1107 1243 1215 1313 puppis
1300 1256 1336 1299 cet

484 1317 512 1370 N
513 1334 557 1372 am
573 1319 641 1373 mihi
659 1318 829 1373 Cassandrae
845 1336 896 1388 per
914 1335 1037 1374 somnum
1054 1321 1123 1374 vatis
1140 1320 1231 1389 imago

486 1394 619 1449 Ardentis
637 1395 703 1450 dare
720 1397 778 1450 visa
794 1397 879 1450 faces:
903 1396 958 1451 Hic
976 1396 1101 1465 quaerite
1118 1396 1241 1463 Troiam3

485 1470 540 1525 Hic
557 1471 653 1526 domus
670 1476 720 1541 est,
737 1472 834 1542 inquit,
852 1473 936 1527 vobis.
972 1473 1033 1527 Iam
1049 1476 1158 1542 tempus
1175 1474 1221 1541 agi
1237 1488 1288 1532 res.

484 1546 511 1599 N
512 1564 543 1602 ec
559 1550 645 1604 tantis
662 1567 738 1604 mora
754 1550 892 1619 prodigiis.
929 1551 972 1604 En
990 1553 1121 1619 quattuor
1137 1566 1202 1603 arae
1234 1555 1238 1563 '

483 1622 510 1676 N
512 1629 629 1694 eptuno;
650 1627 718 1681 deus
735 1628 794 1695 ipse
811 1628 883 1682 faces
900 1627 1074 1695 animumque
1090 1626 1236 1680 ministrat.
1298 1636 1334 1677 oso

484 1700 563 1756 Haec
580 1719 732 1757 memorans
748 1702 836 1770 prima
852 1702 988 1757 infensum
1005 1704 1032 1757 vi
1050 1702 1162 1771 corripit
1178 1701 1276 1768 ignem,

485 1779 653 1850 Sublatusque
669 1780 763 1849 promul
781 1778 880 1833 dextra
897 1780 1011 1835 connixa
1028 1780 1160 1845 coruscat,

484 1854 522 1908 Ilt-
538 1856 609 1912 iacit.
645 1857 779 1912 Arrectae
796 1860 903 1911 mentes
920 1854 1128 1925 stupefactaque
1145 1851 1234 1906 corda

484 1930 611 1989 Iliadum.
648 1934 703 1988 Hic
719 1950 774 1987 una
791 1948 806 1985 e
824 1931 925 2000 multis,
941 1948 1013 2001 quae
1029 1944 1157 1984 maxuma
1173 1930 1250 1994 natu,

484 2008 582 2079 Pyrgo,
600 2014 644 2066 tot
663 2011 764 2064 Priami
781 2010 907 2063 natorum
924 2008 1001 2077 regia
1017 2005 1124 2061 nutrix:
1298 2015 1335 2057 ert

485 2082 547 2139 Non
565 2088 654 2142 Beroe
670 2087 754 2156 vobis,
772 2103 827 2140 non
843 2086 911 2140 haec
928 2084 1071 2151 Rhoeteia,
1089 2087 1199 2147 mames,

484 2162 535 2217 Est
553 2163 663 2234 Dorycli
679 2164 811 2231 coniunx;
827 2162 913 2217 divini
930 2163 1007 2229 signa
1024 2160 1130 2214 decoris

485 2239 674 2311 Ardentisqqe
690 2244 786 2295 notate
803 2240 909 2305 oculos3
927 2239 975 2308 qui
993 2236 1105 2307 spiritus
1122 2234 1170 2302 illi,

484 2315 537 2380 Qui
555 2318 652 2385 voltus,
670 2318 797 2387 vocisque
815 2332 903 2384 sonus,
920 2315 964 2369 vel
981 2330 1091 2383 gressus
1108 2310 1193 2366 eunti.

422 2414 424 2416 ·
484 2392 550 2461 Ipsa
567 2397 677 2462 egomet
694 2393 798 2447 dudum
817 2392 924 2445 Beroen
942 2390 1066 2459 digressa
1082 2387 1181 2456 reliqui
1299 2398 1337 2440 eto

485 2470 614 2539 Aegram,
631 2470 828 2536 indignantem,
846 2468 895 2523 tali
913 2467 987 2537 quod
1006 2466 1063 2520 sola
1079 2465 1187 2518 careret

483 2544 606 2612 Munere,
624 2564 674 2601 nec
691 2546 804 2600 meritos
824 2543 961 2598 Anchisae
979 2542 1094 2597 inferret
1110 2540 1234 2593 honores.

484 2620 562 2675 Haec
580 2620 668 2675 effata.

483 2696 524 2751 At
541 2701 643 2753 matres
660 2697 749 2767 primo
767 2696 909 2766 ancipites,
928 2695 1066 2763 oculisque
1082 2690 1208 2760 malignis

484 2773 638 2844 Ambiguae
655 2780 780 2844 spectare
797 2776 873 2828 rates
889 2770 1020 2827 miserum
1037 2771 1111 2824 inter
1128 2781 1249 2822 amorem
1299 2780 1337 2821 ets

483 2849 640 2904 Praesentis
657 2853 749 2904 terrae
766 2850 887 2919 fatisque
904 2848 1027 2904 vocantia
1044 2861 1141 2915 regna:

483 2926 553 2980 Cum
571 2926 622 2981 dea
640 2944 669 2981 se
686 2927 797 2996 paribus
814 2944 864 2996 per
881 2925 986 2980 caelum
1004 2924 1115 2978 sustulit
1133 2921 1184 2975 alis

484 3001 683 3074 lugentemque
699 3005 764 3071 fuga
782 3004 868 3059 secuit
886 3001 937 3057 sub
954 3001 1072 3055 nubibus
1084 3014 1185 3052 arcum.

482 3080 550 3135 'lum
567 3099 632 3136 vero
649 3081 783 3136 attonitae
800 3080 929 3135 monstris
947 3082 1079 3146 actaeque
1096 3076 1189 3129 furore

482 3157 666 3225 Conclamant,
683 3160 848 3228 rapiuntque
865 3156 933 3210 focis
949 3153 1136 3224 penetralibus
1152 3152 1259 3219 ignem3
1298 3162 1335 3203 eoo

481 3232 550 3289 Pars
567 3236 684 3305 spoliant
700 3252 769 3304 aras,
786 3233 911 3288 frondem
929 3248 961 3286 ac
977 3231 1096 3300 virgulta
1111 3229 1241 3295 facesque

481 3309 641 3369 Goniiciunt.
677 3315 756 3368 Furit
772 3312 892 3366 inmissis
906 3310 1045 3364 'Volcanus
1061 3305 1176 3360 habenis

481 3386 611 3444 Transtra
628 3405 678 3459 per
695 3391 725 3441 et
742 3403 831 3441 remos
849 3391 879 3440 et
896 3387 982 3454 pictas
1000 3384 1090 3438 abiete
1107 3378 1214 3451 puppis.

470 3464 598 3517 Nuntius
614 3464 755 3521 Anchisae
772 3463 809 3518 ad
826 3461 964 3518 tumulum
981 3473 1135 3528 cuneosque
1152 3453 1256 3510 theatri

453 3536 596 3593 Incensas
609 3542 724 3611 perfert
742 3542 824 3598 navis
843 3539 989 3606 Eumelus,
1007 3534 1111 3606 stipsi
1298 3539 1337 3577 tii

436 3607 619 3682 Respiciunt
637 3624 737 3679 atram
759 3622 790 3680 in
809 3622 913 3679 nimbo
933 3618 1057 3675 uolitare
1070 3610 1208 3668 imilla-m.
1229 3679 1236 3692 ⁴

368 3709 375 3796 ¹,
421 3678 455 3730 Ρ
449 3685 551 3746 ninus
570 3700 604 3752 et
624 3700 788 3777 Ascanius,
810 3718 923 3763 cursus
942 3700 978 3756 ut
994 3696 1097 3753 laetus
1114 3684 1260 3757 equestris
