3467 4367
460 643 507 690 310
675 639 725 692 .P.
739 639 891 687 VERGILI
908 638 1074 688 MARONIS

460 718 548 783 Quem
565 718 647 788 primi
665 718 784 784 colimus,
803 718 846 774 cui
863 718 961 786 pineus
981 718 1063 771 ardor
1079 733 1176 771 acervo

460 794 593 860 Pascitur,
611 796 641 847 et
658 793 779 847 medium
797 793 862 848 freti
882 794 986 862 pietate
1005 810 1054 862 per
1071 794 1161 861 ignem

460 869 584 925 Cultores
602 870 689 923 multa
707 870 856 937 premimus
876 870 992 938 vestigia
1009 887 1105 938 pruna,

459 946 509 1012 Da,
530 947 619 1012 Pater,
638 945 689 998 hoc
706 945 807 999 nostris
826 945 928 999 aboleri
948 946 1067 999 dedecus
1085 945 1175 1012 armis,

459 1020 647 1089 Omnipotens.
671 1021 734 1074 Non
752 1022 863 1075 exuvias
881 1022 1010 1091 pulsaeve
1028 1024 1171 1089 tropaeum
1275 1035 1315 1077 rm

462 1097 587 1165 Virginis,
607 1100 655 1150 aut
673 1097 759 1166 spolia
776 1098 831 1151 ulla
848 1102 932 1168 peto;
949 1098 1016 1151 mihi
1034 1103 1127 1152 cetera
1144 1096 1255 1151 laudem

461 1172 544 1226 Facta
561 1173 650 1227 serent
662 1172 753 1238 ,haec
771 1173 832 1227 dira
848 1191 910 1228 meo
928 1174 994 1227 dnm
1011 1174 1121 1228 volnere
1138 1173 1224 1241 pestis

459 1246 542 1303 Pulsa
559 1248 647 1315 cadat,
665 1250 767 1317 petrus
785 1250 912 1304 remeabo
929 1249 1061 1316 inglorius
1077 1249 1167 1305 urbes.

459 1323 559 1379 Audiit
576 1328 605 1378 et
623 1325 680 1378 voti
699 1324 827 1379 Phoebus
845 1325 992 1379 succedere
1010 1328 1118 1393 partem

459 1398 555 1453 Mente
573 1400 659 1466 dedit,
676 1404 783 1470 partem
802 1400 919 1454 volucris
938 1401 1070 1471 dispersit
1088 1400 1117 1453 in
1136 1417 1231 1454 auras:
1276 1414 1314 1455 ras

459 1475 602 1531 Sterneret
619 1481 651 1530 ut
668 1476 760 1530 subita
776 1476 916 1530 turbatam
933 1481 1022 1532 morte
1041 1476 1189 1544 Camillam,

460 1550 568 1606 Adnuit
585 1553 688 1618 oranti;
706 1552 834 1605 reducem
851 1556 884 1606 ut
901 1553 990 1621 patria
1009 1554 1065 1607 alta
1083 1552 1200 1621 videret,

459 1626 486 1679 N
488 1644 521 1680 on
540 1628 626 1696 dedit,
643 1629 726 1696 inque
744 1631 822 1681 notos
840 1645 934 1682 vocem
951 1632 1059 1683 vertere
1076 1629 1218 1698 procellae,

460 1703 540 1772 Ergo,
558 1708 590 1757 ut
607 1705 690 1757 missa
707 1720 788 1757 manu
806 1705 925 1757 sonitum
944 1704 1022 1758 dedit
1040 1705 1120 1759 hasta
1137 1721 1188 1774 per
1205 1720 1302 1767 auras,-

460 1779 627 1833 Convertere
645 1780 748 1831 animos
765 1780 835 1832 acris
853 1780 999 1847 oculosque
1017 1780 1107 1833 tulere
1274 1796 1313 1834 stu

461 1854 558 1908 Cuncti
576 1855 612 1907 ad
630 1854 751 1921 reginam
770 1854 870 1908 Volsci.
906 1855 983 1908 Nihil
1001 1856 1061 1924 ipsa
1079 1872 1130 1910 nec
1148 1871 1231 1911 aurae

459 1931 485 1983 N
487 1948 518 1984 ec
535 1931 640 1984 sonitus
657 1946 762 1983 memor
779 1935 827 1984 aut
844 1931 978 1986 venientis
997 1931 1032 1985 ab
1050 1931 1164 1985 aethere
1179 1932 1238 2001 teli,

460 2007 550 2061 Hasta
567 2006 617 2060 sub
635 2010 772 2059 exsertam
790 2006 876 2060 donec
893 2008 1000 2076 perlata
1018 2007 1146 2077 papillam

460 2083 566 2150 Haesit,
584 2083 790 2151 virgineumque
807 2082 863 2136 alte
880 2081 952 2137 bibit
970 2086 1031 2137 acta
1049 2098 1182 2137 cruorem.

459 2158 631 2213 Concurrunt
643 2158 768 2226 trepidae
779 2158 901 2227 comites,
915 2159 1106 2227 dominamque
1118 2160 1246 2213 ruentem
1274 2172 1312 2212 eos

459 2232 624 2302 Suscipiunt.
660 2234 744 2303 rugit
761 2238 825 2289 ante
843 2236 930 2288 omnis
948 2235 1099 2288 exterritus
1120 2235 1240 2303 Arruns,

460 2309 579 2363 Laetitia
597 2310 737 2379 mixtoque
755 2316 838 2377 metu,
856 2328 906 2365 nec
923 2311 977 2364 ianr
995 2310 1112 2378 amplius
1130 2311 1225 2365 hastae

459 2384 587 2447 Credere,
606 2402 656 2439 nec
674 2387 737 2439 telis
755 2403 898 2440 occurrere
914 2386 1028 2454 virginis
1046 2386 1139 2441 audet.

459 2459 502 2513 Ac
520 2460 595 2513 velut
613 2460 667 2528 ille,
686 2462 762 2529 prius
780 2479 861 2530 quam
881 2462 936 2515 tela
954 2461 1064 2515 inimica
1082 2465 1239 2531 sequantm,

459 2535 593 2589 Continuo
610 2535 640 2587 in
657 2538 757 2590 montis
775 2554 835 2590 sese
853 2538 930 2590 avius
948 2537 1057 2591 abdidit
1075 2538 1145 2592 altos
1274 2551 1312 2592 elo

459 2608 553 2663 Occiso
571 2614 682 2677 pastore
700 2611 780 2680 lupus
796 2629 929 2680 magnove
947 2612 1067 2678 iuvenco,

458 2685 588 2739 Conscius
605 2685 716 2739 audacis
734 2688 806 2755 facti,
824 2687 994 2757 caudamque
1012 2688 1165 2742 remulcens

458 2760 579 2815 Subiecit
596 2762 764 2829 pavitantem
782 2766 869 2827 utero,
888 2763 1023 2831 silvasque
1041 2762 1155 2833 petivit:

459 2836 543 2890 Haud
561 2846 638 2891 secus
656 2854 691 2891 ex
709 2839 793 2892 oculis
811 2856 840 2891 se
858 2838 986 2892 turbidus
1004 2838 1121 2894 abstulit
1139 2840 1256 2909 Arruns,

458 2912 665 2981 Contentusquo
682 2914 748 2983 fuga
765 2914 863 2967 mediis
881 2931 911 2967 se
928 2914 1067 2969 inmiscuit
1084 2915 1177 2969 armis.
1274 2931 1313 2972 ms

458 2988 510 3041 Illa
528 3005 610 3042 manu
628 2990 747 3044 moriens
765 2990 851 3044 telum
869 2990 969 3055 trahit;
987 3007 1048 3044 ossa
1066 2991 1116 3044 sed
1133 2991 1208 3046 iuter

457 3064 575 3118 Ferreus
594 3065 630 3118 ad
647 3070 736 3120 costas
754 3067 811 3122 alto
830 3070 886 3120 stat
903 3066 1014 3120 volnere
1033 3083 1132 3120 mucro.

457 3138 573 3193 Labitur
590 3143 752 3210 exsanguis3
770 3142 901 3196 labuntur
919 3142 1020 3210 frigide
1037 3142 1093 3196 leto

456 3214 588 3281 Lumina3
605 3231 758 3285 purpureus
777 3218 913 3287 quondam
932 3218 1004 3271 color
1023 3234 1071 3271 ora
1088 3217 1207 3286 reliquit

456 3290 525 3343 Tum
543 3291 581 3344 sic
599 3292 741 3360 exspirans
759 3296 870 3360 Accam,
889 3310 923 3347 ex
941 3293 1102 3362 aequalibus
1119 3310 1210 3363 unam,
1275 3312 1315 3351 sao

457 3366 642 3434 Adloquitur;
661 3368 718 3423 fida
736 3373 800 3425 ante
819 3370 885 3423 alias
904 3387 974 3439 quae
993 3370 1050 3423 sola
1069 3371 1207 3439 Camillae,

452 3442 568 3507 Qffl‘fflffl
584 3443 686 3514 partiri·
704 3462 800 3511 curas;
817 3448 902 3514 atque
919 3446 986 3499 haec
1004 3446 1044 3499 ita
1062 3446 1155 3502 fatur:

435 3518 597 3592 Hactenus
619 3522 698 3580 Acca
717 3540 807 3593 soror,
823 3522 925 3594 potui3
939 3536 1014 3573 nunc
1027 3520 1127 3571 uolnus
1140 3522 1270 3575 acerbum

423 3595 556 3672 Conficit,
581 3605 615 3660 et
634 3604 770 3662 tenebris
790 3598 963 3673 nigrescunt
979 3592 1202 3676 omiliue'ircunn.

372 3671 380 3784 ι
404 3670 524 3744 Effuge
541 3684 578 3739 et
598 3684 678 3745 haec
701 3686 808 3744 Turno
824 3675 976 3738 mandata
989 3677 1147 3721 norissima
1159 3661 1273 3724 pensu
1311 3676 1356 3711 ms
