<?xml version="1.0" encoding="UTF-8"?>
<!DOCTYPE html PUBLIC "-//W3C//DTD XHTML 1.0 Transitional//EN"
    "http://www.w3.org/TR/xhtml1/DTD/xhtml1-transitional.dtd">
<html xmlns="http://www.w3.org/1999/xhtml" xml:lang="en" lang="en">
 <head>
  <title>
</title>
<meta http-equiv="Content-Type" content="text/html;charset=utf-8" />
  <meta name='ocr-system' content='tesseract 3.04.00' />
  <meta name='ocr-capabilities' content='ocr_page ocr_carea ocr_par ocr_line ocrx_word'/>
</head>
<body>
  <div class='ocr_page' id='page_1' title='image "./publivergilimar02virggoog/publivergilimar02virggoog_0064.png"; bbox 0 0 3467 4367; ppageno 0'>
   <div class='ocr_carea' id='block_1_1' title="bbox 473 624 1095 675">
    <p class='ocr_par' dir='ltr' id='par_1_1' title="bbox 473 624 1095 675">
     <span class='ocr_line' id='line_1_1' title="bbox 473 624 1095 675; baseline -0.002 -1"><span class='ocrx_word' id='word_1_1' title='bbox 473 626 505 674; x_wconf 77' lang='lat'><strong>64</strong></span> <span class='ocrx_word' id='word_1_2' title='bbox 707 624 737 675; x_wconf 87' lang='lat' dir='ltr'><strong>P.</strong></span> <span class='ocrx_word' id='word_1_3' title='bbox 756 624 910 673; x_wconf 80' lang='lat' dir='ltr'><strong>VERGILI</strong></span> <span class='ocrx_word' id='word_1_4' title='bbox 928 625 1095 674; x_wconf 84' lang='lat' dir='ltr'><strong>MARONIS</strong></span> 
     </span>
    </p>
   </div>
   <div class='ocr_carea' id='block_1_2' title="bbox 376 703 1358 3762">
    <p class='ocr_par' dir='ltr' id='par_1_2' title="bbox 376 703 1358 3762">
     <span class='ocr_line' id='line_1_2' title="bbox 474 703 1166 774; baseline -0.001 -16"><span class='ocrx_word' id='word_1_5' title='bbox 474 704 511 758; x_wconf 79' lang='lat' dir='ltr'><strong>nt</strong></span> <span class='ocrx_word' id='word_1_6' title='bbox 528 703 607 758; x_wconf 88' lang='lat' dir='ltr'><strong>labor</strong></span> <span class='ocrx_word' id='word_1_7' title='bbox 623 708 653 757; x_wconf 92' lang='lat' dir='ltr'><strong>et</strong></span> <span class='ocrx_word' id='word_1_8' title='bbox 671 704 757 759; x_wconf 90' lang='lat' dir='ltr'><strong>durae</strong></span> <span class='ocrx_word' id='word_1_9' title='bbox 775 704 849 774; x_wconf 87' lang='lat' dir='ltr'><strong>rapit</strong></span> <span class='ocrx_word' id='word_1_10' title='bbox 866 704 1044 758; x_wconf 87' lang='lat' dir='ltr'><strong>inclementia</strong></span> <span class='ocrx_word' id='word_1_11' title='bbox 1061 705 1166 760; x_wconf 87' lang='lat' dir='ltr'><strong>mortis.</strong></span> 
     </span>
     <span class='ocr_line' id='line_1_3' title="bbox 473 781 1196 851; baseline 0 -16"><span class='ocrx_word' id='word_1_12' title='bbox 473 782 588 849; x_wconf 81' lang='lat' dir='ltr'><strong>Semper</strong></span> <span class='ocrx_word' id='word_1_13' title='bbox 605 786 694 846; x_wconf 87' lang='lat' dir='ltr'><strong>erunt,</strong></span> <span class='ocrx_word' id='word_1_14' title='bbox 713 797 829 849; x_wconf 87' lang='lat' dir='ltr'><strong>quarum</strong></span> <span class='ocrx_word' id='word_1_15' title='bbox 847 781 950 834; x_wconf 86' lang='lat' dir='ltr'><strong>mutari</strong></span> <span class='ocrx_word' id='word_1_16' title='bbox 969 798 1087 851; x_wconf 85' lang='lat' dir='ltr'><strong>corpora</strong></span> <span class='ocrx_word' id='word_1_17' title='bbox 1104 781 1196 835; x_wconf 83' lang='lat' dir='ltr'><strong>malis:</strong></span> 
     </span>
     <span class='ocr_line' id='line_1_4' title="bbox 473 857 1339 927; baseline 0.001 -16"><span class='ocrx_word' id='word_1_18' title='bbox 473 858 587 926; x_wconf 81' lang='lat' dir='ltr'>Semper</span> <span class='ocrx_word' id='word_1_19' title='bbox 604 857 676 910; x_wconf 93' lang='lat' dir='ltr'><strong>enim</strong></span> <span class='ocrx_word' id='word_1_20' title='bbox 695 857 783 925; x_wconf 87' lang='lat' dir='ltr'><strong>refice,</strong></span> <span class='ocrx_word' id='word_1_21' title='bbox 802 874 841 925; x_wconf 86' lang='lat' dir='ltr'><strong>ac,</strong></span> <span class='ocrx_word' id='word_1_22' title='bbox 859 874 895 912; x_wconf 90' lang='lat' dir='ltr'><strong>ne</strong></span> <span class='ocrx_word' id='word_1_23' title='bbox 913 859 977 927; x_wconf 90' lang='lat' dir='ltr'><strong>post</strong></span> <span class='ocrx_word' id='word_1_24' title='bbox 997 858 1096 911; x_wconf 83' lang='lat' dir='ltr'><strong>amissa</strong></span> <span class='ocrx_word' id='word_1_25' title='bbox 1114 858 1249 927; x_wconf 82' lang='lat' dir='ltr'><strong>requiras,</strong></span> <span class='ocrx_word' id='word_1_26' title='bbox 1316 876 1339 917; x_wconf 74' lang='lat' dir='ltr'><strong>ro</strong></span> 
     </span>
     <span class='ocr_line' id='line_1_5' title="bbox 474 933 1263 1003; baseline 0.003 -15"><span class='ocrx_word' id='word_1_27' title='bbox 474 935 618 1001; x_wconf 79' lang='lat' dir='ltr'><strong>Antoreni,</strong></span> <span class='ocrx_word' id='word_1_28' title='bbox 637 938 666 987; x_wconf 92' lang='lat' dir='ltr'><strong>et</strong></span> <span class='ocrx_word' id='word_1_29' title='bbox 684 933 806 987; x_wconf 83' lang='lat' dir='ltr'><strong>subolem</strong></span> <span class='ocrx_word' id='word_1_30' title='bbox 825 938 950 988; x_wconf 84' lang='lat' dir='ltr'><strong>armento</strong></span> <span class='ocrx_word' id='word_1_31' title='bbox 971 934 1071 989; x_wconf 90' lang='lat' dir='ltr'><strong>sortire</strong></span> <span class='ocrx_word' id='word_1_32' title='bbox 1089 937 1157 1003; x_wconf 87' lang='lat' dir='ltr'><strong>quot</strong></span> <span class='ocrx_word' id='word_1_33' title='bbox 1175 935 1263 990; x_wconf 87' lang='lat' dir='ltr'><strong>aunis.</strong></span> 
     </span>
     <span class='ocr_line' id='line_1_6' title="bbox 508 1009 1224 1080; baseline 0.006 -17"><span class='ocrx_word' id='word_1_34' title='bbox 508 1010 567 1063; x_wconf 86' lang='lat' dir='ltr'><strong>Nec</strong></span> <span class='ocrx_word' id='word_1_35' title='bbox 585 1027 638 1063; x_wconf 91' lang='lat' dir='ltr'><strong>non</strong></span> <span class='ocrx_word' id='word_1_36' title='bbox 657 1014 686 1064; x_wconf 90' lang='lat' dir='ltr'><strong>et</strong></span> <span class='ocrx_word' id='word_1_37' title='bbox 704 1009 796 1079; x_wconf 86' lang='lat' dir='ltr'><strong>pecori</strong></span> <span class='ocrx_word' id='word_1_38' title='bbox 814 1018 858 1065; x_wconf 90' lang='lat' dir='ltr'><strong>est</strong></span> <span class='ocrx_word' id='word_1_39' title='bbox 876 1010 951 1065; x_wconf 88' lang='lat' dir='ltr'><strong>idem</strong></span> <span class='ocrx_word' id='word_1_40' title='bbox 973 1011 1097 1065; x_wconf 88' lang='lat' dir='ltr'><strong>delectus</strong></span> <span class='ocrx_word' id='word_1_41' title='bbox 1115 1012 1224 1080; x_wconf 89' lang='lat' dir='ltr'><strong>equino.</strong></span> 
     </span>
     <span class='ocr_line' id='line_1_7' title="bbox 473 1086 1280 1157; baseline 0.002 -17"><span class='ocrx_word' id='word_1_42' title='bbox 473 1086 514 1141; x_wconf 83' lang='lat' dir='ltr'><strong>Tu</strong></span> <span class='ocrx_word' id='word_1_43' title='bbox 532 1087 621 1155; x_wconf 89' lang='lat' dir='ltr'><strong>modo,</strong></span> <span class='ocrx_word' id='word_1_44' title='bbox 640 1103 709 1156; x_wconf 89' lang='lat' dir='ltr'><strong>quos</strong></span> <span class='ocrx_word' id='word_1_45' title='bbox 726 1086 754 1139; x_wconf 92' lang='lat' dir='ltr'><strong>in</strong></span> <span class='ocrx_word' id='word_1_46' title='bbox 772 1104 850 1156; x_wconf 89' lang='lat' dir='ltr'><strong>spem</strong></span> <span class='ocrx_word' id='word_1_47' title='bbox 870 1091 977 1142; x_wconf 78' lang='lat' dir='ltr'><strong>statues</strong></span> <span class='ocrx_word' id='word_1_48' title='bbox 997 1087 1160 1142; x_wconf 73' lang='lat' dir='ltr'><strong>submittere</strong></span> <span class='ocrx_word' id='word_1_49' title='bbox 1177 1088 1280 1157; x_wconf 80' lang='lat' dir='ltr'><strong>gentis,</strong></span> 
     </span>
     <span class='ocr_line' id='line_1_8' title="bbox 474 1164 1255 1234; baseline 0.003 -17"><span class='ocrx_word' id='word_1_50' title='bbox 474 1165 654 1233; x_wconf 80' lang='lat' dir='ltr'><strong>Praecipuum</strong></span> <span class='ocrx_word' id='word_1_51' title='bbox 671 1164 725 1217; x_wconf 90' lang='lat' dir='ltr'><strong>iam</strong></span> <span class='ocrx_word' id='word_1_52' title='bbox 743 1165 809 1219; x_wconf 87' lang='lat' dir='ltr'><strong>inde</strong></span> <span class='ocrx_word' id='word_1_53' title='bbox 828 1183 845 1220; x_wconf 89' lang='lat' dir='ltr'><strong>a</strong></span> <span class='ocrx_word' id='word_1_54' title='bbox 863 1166 967 1219; x_wconf 88' lang='lat' dir='ltr'><strong>teneris</strong></span> <span class='ocrx_word' id='word_1_55' title='bbox 985 1166 1104 1234; x_wconf 90' lang='lat' dir='ltr'><strong>inpende</strong></span> <span class='ocrx_word' id='word_1_56' title='bbox 1122 1164 1255 1219; x_wconf 86' lang='lat' dir='ltr'><strong>laborem.</strong></span> 
     </span>
     <span class='ocr_line' id='line_1_9' title="bbox 473 1240 1338 1312; baseline -0.001 -17"><span class='ocrx_word' id='word_1_57' title='bbox 473 1240 608 1295; x_wconf 84' lang='lat' dir='ltr'><strong>Continuo</strong></span> <span class='ocrx_word' id='word_1_58' title='bbox 626 1242 732 1310; x_wconf 86' lang='lat' dir='ltr'><strong>pecoris</strong></span> <span class='ocrx_word' id='word_1_59' title='bbox 749 1243 876 1311; x_wconf 84' lang='lat' dir='ltr'><strong>generosi</strong></span> <span class='ocrx_word' id='word_1_60' title='bbox 895 1242 987 1312; x_wconf 89' lang='lat' dir='ltr'><strong>pullus</strong></span> <span class='ocrx_word' id='word_1_61' title='bbox 1005 1242 1032 1295; x_wconf 90' lang='lat' dir='ltr'><strong>in</strong></span> <span class='ocrx_word' id='word_1_62' title='bbox 1051 1242 1123 1295; x_wconf 83' lang='lat' dir='ltr'><strong>arvis</strong></span> <span class='ocrx_word' id='word_1_63' title='bbox 1314 1254 1338 1295; x_wconf 76' lang='lat' dir='ltr'><strong>ts</strong></span> 
     </span>
     <span class='ocr_line' id='line_1_10' title="bbox 473 1317 1148 1387; baseline 0 -17"><span class='ocrx_word' id='word_1_64' title='bbox 473 1317 566 1371; x_wconf 84' lang='lat' dir='ltr'><strong>Altius</strong></span> <span class='ocrx_word' id='word_1_65' title='bbox 582 1317 745 1386; x_wconf 77' lang='lat' dir='ltr'><strong>ingreditur,</strong></span> <span class='ocrx_word' id='word_1_66' title='bbox 766 1325 795 1372; x_wconf 94' lang='lat' dir='ltr'><strong>et</strong></span> <span class='ocrx_word' id='word_1_67' title='bbox 812 1319 906 1371; x_wconf 89' lang='lat' dir='ltr'><strong>mollia</strong></span> <span class='ocrx_word' id='word_1_68' title='bbox 925 1335 1006 1372; x_wconf 86' lang='lat' dir='ltr'><strong>crura</strong></span> <span class='ocrx_word' id='word_1_69' title='bbox 1024 1317 1148 1387; x_wconf 81' lang='lat' dir='ltr'><strong>reponit3</strong></span> 
     </span>
     <span class='ocr_line' id='line_1_11' title="bbox 473 1391 1232 1467; baseline 0 -22"><span class='ocrx_word' id='word_1_70' title='bbox 473 1391 581 1447; x_wconf 84' lang='lat' dir='ltr'><strong>Primus</strong></span> <span class='ocrx_word' id='word_1_71' title='bbox 598 1396 628 1447; x_wconf 89' lang='lat' dir='ltr'><strong>et</strong></span> <span class='ocrx_word' id='word_1_72' title='bbox 646 1394 775 1467; x_wconf 62' lang='lat' dir='ltr'><strong>ire,viam</strong></span> <span class='ocrx_word' id='word_1_73' title='bbox 793 1400 823 1449; x_wconf 92' lang='lat' dir='ltr'><strong>et</strong></span> <span class='ocrx_word' id='word_1_74' title='bbox 841 1394 938 1450; x_wconf 82' lang='lat' dir='ltr'><strong>fluvios</strong></span> <span class='ocrx_word' id='word_1_75' title='bbox 956 1398 1095 1464; x_wconf 84' lang='lat' dir='ltr'><strong>temptare</strong></span> <span class='ocrx_word' id='word_1_76' title='bbox 1114 1392 1232 1446; x_wconf 85' lang='lat' dir='ltr'><strong>minacis</strong></span> 
     </span>
     <span class='ocr_line' id='line_1_12' title="bbox 473 1468 1104 1543; baseline 0.005 -22"><span class='ocrx_word' id='word_1_77' title='bbox 473 1468 569 1522; x_wconf 80' lang='lat' dir='ltr'><strong>Audet</strong></span> <span class='ocrx_word' id='word_1_78' title='bbox 586 1475 615 1525; x_wconf 91' lang='lat' dir='ltr'><strong>et</strong></span> <span class='ocrx_word' id='word_1_79' title='bbox 633 1470 727 1538; x_wconf 81' lang='lat' dir='ltr'><strong>ignoto</strong></span> <span class='ocrx_word' id='word_1_80' title='bbox 747 1490 808 1526; x_wconf 91' lang='lat' dir='ltr'><strong>sese</strong></span> <span class='ocrx_word' id='word_1_81' title='bbox 827 1473 1001 1527; x_wconf 84' lang='lat' dir='ltr'><strong>committere</strong></span> <span class='ocrx_word' id='word_1_82' title='bbox 1019 1472 1104 1543; x_wconf 89' lang='lat' dir='ltr'><strong>ponti,</strong></span> 
     </span>
     <span class='ocr_line' id='line_1_13' title="bbox 472 1544 1212 1619; baseline 0 -21"><span class='ocrx_word' id='word_1_83' title='bbox 472 1544 530 1598; x_wconf 91' lang='lat' dir='ltr'><strong>Nee</strong></span> <span class='ocrx_word' id='word_1_84' title='bbox 547 1563 631 1600; x_wconf 78' lang='lat' dir='ltr'><strong>uanos</strong></span> <span class='ocrx_word' id='word_1_85' title='bbox 648 1547 743 1602; x_wconf 88' lang='lat' dir='ltr'><strong>horret</strong></span> <span class='ocrx_word' id='word_1_86' title='bbox 761 1550 903 1619; x_wconf 88' lang='lat' dir='ltr'><strong>strepitus.</strong></span> <span class='ocrx_word' id='word_1_87' title='bbox 942 1549 988 1602; x_wconf 91' lang='lat' dir='ltr'><strong>llli</strong></span> <span class='ocrx_word' id='word_1_88' title='bbox 1007 1548 1093 1602; x_wconf 87' lang='lat' dir='ltr'><strong>ardna</strong></span> <span class='ocrx_word' id='word_1_89' title='bbox 1111 1546 1212 1613; x_wconf 87' lang='lat' dir='ltr'><strong>cervix,</strong></span> 
     </span>
     <span class='ocr_line' id='line_1_14' title="bbox 473 1622 1338 1693; baseline 0 -19"><span class='ocrx_word' id='word_1_90' title='bbox 473 1622 666 1693; x_wconf 77' lang='lat' dir='ltr'><strong>Argutumque</strong></span> <span class='ocrx_word' id='word_1_91' title='bbox 685 1628 773 1693; x_wconf 85' lang='lat' dir='ltr'><strong>caput,</strong></span> <span class='ocrx_word' id='word_1_92' title='bbox 792 1625 886 1679; x_wconf 87' lang='lat' dir='ltr'><strong>brevis</strong></span> <span class='ocrx_word' id='word_1_93' title='bbox 905 1626 989 1693; x_wconf 84' lang='lat' dir='ltr'><strong>alvus,</strong></span> <span class='ocrx_word' id='word_1_94' title='bbox 1009 1623 1147 1691; x_wconf 80' lang='lat' dir='ltr'><strong>obesaque</strong></span> <span class='ocrx_word' id='word_1_95' title='bbox 1166 1625 1256 1689; x_wconf 78' lang='lat' dir='ltr'><strong>terga,</strong></span> <span class='ocrx_word' id='word_1_96' title='bbox 1313 1634 1338 1675; x_wconf 88' lang='lat' dir='ltr'><strong>so</strong></span> 
     </span>
     <span class='ocr_line' id='line_1_15' title="bbox 472 1694 1198 1771; baseline 0 -22"><span class='ocrx_word' id='word_1_97' title='bbox 472 1694 659 1767; x_wconf 85' lang='lat' dir='ltr'><strong>Luxuriatque</strong></span> <span class='ocrx_word' id='word_1_98' title='bbox 677 1701 745 1753; x_wconf 89' lang='lat' dir='ltr'><strong>toris</strong></span> <span class='ocrx_word' id='word_1_99' title='bbox 764 1701 917 1754; x_wconf 85' lang='lat' dir='ltr'><strong>animosum</strong></span> <span class='ocrx_word' id='word_1_100' title='bbox 935 1706 1040 1771; x_wconf 87' lang='lat' dir='ltr'><strong>pectus.</strong></span> <span class='ocrx_word' id='word_1_101' title='bbox 1078 1697 1198 1752; x_wconf 88' lang='lat' dir='ltr'><strong>Honesti</strong></span> 
     </span>
     <span class='ocr_line' id='line_1_16' title="bbox 472 1771 1135 1844; baseline 0.002 -18"><span class='ocrx_word' id='word_1_102' title='bbox 472 1771 602 1840; x_wconf 84' lang='lat' dir='ltr'><strong>Spadices</strong></span> <span class='ocrx_word' id='word_1_103' title='bbox 619 1775 770 1844; x_wconf 68' lang='lat' dir='ltr'><strong>glauciqua</strong></span> <span class='ocrx_word' id='word_1_104' title='bbox 790 1775 863 1831; x_wconf 89' lang='lat' dir='ltr'><strong>color</strong></span> <span class='ocrx_word' id='word_1_105' title='bbox 883 1776 1047 1830; x_wconf 89' lang='lat' dir='ltr'><strong>deterrimus</strong></span> <span class='ocrx_word' id='word_1_106' title='bbox 1066 1773 1135 1829; x_wconf 85' lang='lat' dir='ltr'><strong>albis</strong></span> 
     </span>
     <span class='ocr_line' id='line_1_17' title="bbox 471 1847 1288 1924; baseline 0.004 -23"><span class='ocrx_word' id='word_1_107' title='bbox 471 1848 508 1902; x_wconf 84' lang='lat' dir='ltr'><strong>Et</strong></span> <span class='ocrx_word' id='word_1_108' title='bbox 525 1851 603 1918; x_wconf 84' lang='lat' dir='ltr'><strong>gilvo.</strong></span> <span class='ocrx_word' id='word_1_109' title='bbox 640 1851 716 1920; x_wconf 76' lang='lat' dir='ltr'><strong>Puni,</strong></span> <span class='ocrx_word' id='word_1_110' title='bbox 735 1853 757 1905; x_wconf 88' lang='lat' dir='ltr'><strong>si</strong></span> <span class='ocrx_word' id='word_1_111' title='bbox 776 1871 831 1924; x_wconf 89' lang='lat' dir='ltr'><strong>qua</strong></span> <span class='ocrx_word' id='word_1_112' title='bbox 850 1871 946 1907; x_wconf 89' lang='lat' dir='ltr'><strong>sonum</strong></span> <span class='ocrx_word' id='word_1_113' title='bbox 965 1852 1059 1923; x_wconf 89' lang='lat' dir='ltr'><strong>procul</strong></span> <span class='ocrx_word' id='word_1_114' title='bbox 1079 1865 1156 1904; x_wconf 88' lang='lat' dir='ltr'><strong>arma</strong></span> <span class='ocrx_word' id='word_1_115' title='bbox 1174 1847 1288 1918; x_wconf 86' lang='lat' dir='ltr'><strong>dedere,</strong></span> 
     </span>
     <span class='ocr_line' id='line_1_18' title="bbox 472 1925 1242 1997; baseline 0.001 -19"><span class='ocrx_word' id='word_1_116' title='bbox 472 1925 552 1979; x_wconf 81' lang='lat' dir='ltr'><strong>Stare</strong></span> <span class='ocrx_word' id='word_1_117' title='bbox 569 1927 627 1981; x_wconf 93' lang='lat' dir='ltr'><strong>loco</strong></span> <span class='ocrx_word' id='word_1_118' title='bbox 646 1929 740 1997; x_wconf 69' lang='lat' dir='ltr'><strong>nescit</strong></span> <span class='ocrx_word' id='word_1_119' title='bbox 758 1930 842 1984; x_wconf 87' lang='lat' dir='ltr'><strong>micat</strong></span> <span class='ocrx_word' id='word_1_120' title='bbox 861 1929 975 1984; x_wconf 88' lang='lat' dir='ltr'><strong>auribus</strong></span> <span class='ocrx_word' id='word_1_121' title='bbox 993 1933 1022 1983; x_wconf 90' lang='lat' dir='ltr'><strong>et</strong></span> <span class='ocrx_word' id='word_1_122' title='bbox 1040 1927 1138 1983; x_wconf 87' lang='lat' dir='ltr'><strong>tremit</strong></span> <span class='ocrx_word' id='word_1_123' title='bbox 1155 1928 1242 1993; x_wconf 87' lang='lat' dir='ltr'><strong>artus,</strong></span> 
     </span>
     <span class='ocr_line' id='line_1_19' title="bbox 471 2000 1336 2073; baseline -0.005 -17"><span class='ocrx_word' id='word_1_124' title='bbox 471 2000 679 2073; x_wconf 76' lang='lat' dir='ltr'><strong>(lollectumque</strong></span> <span class='ocrx_word' id='word_1_125' title='bbox 698 2004 817 2060; x_wconf 83' lang='lat' dir='ltr'><strong>fremens</strong></span> <span class='ocrx_word' id='word_1_126' title='bbox 835 2007 921 2061; x_wconf 84' lang='lat' dir='ltr'><strong>volvit</strong></span> <span class='ocrx_word' id='word_1_127' title='bbox 940 2006 991 2060; x_wconf 85' lang='lat' dir='ltr'><strong>sub</strong></span> <span class='ocrx_word' id='word_1_128' title='bbox 1009 2003 1121 2058; x_wconf 86' lang='lat' dir='ltr'><strong>naribus</strong></span> <span class='ocrx_word' id='word_1_129' title='bbox 1138 2001 1240 2069; x_wconf 82' lang='lat' dir='ltr'><strong>ignem.</strong></span> <span class='ocrx_word' id='word_1_130' title='bbox 1311 2015 1336 2053; x_wconf 81' lang='lat' dir='ltr'><strong>ae</strong></span> 
     </span>
     <span class='ocr_line' id='line_1_20' title="bbox 471 2076 1254 2148; baseline 0.001 -18"><span class='ocrx_word' id='word_1_131' title='bbox 471 2076 563 2132; x_wconf 86' lang='lat' dir='ltr'><strong>Densa</strong></span> <span class='ocrx_word' id='word_1_132' title='bbox 580 2079 650 2148; x_wconf 87' lang='lat' dir='ltr'><strong>iuba,</strong></span> <span class='ocrx_word' id='word_1_133' title='bbox 670 2084 700 2135; x_wconf 88' lang='lat' dir='ltr'><strong>et</strong></span> <span class='ocrx_word' id='word_1_134' title='bbox 719 2081 817 2137; x_wconf 87' lang='lat' dir='ltr'><strong>dextro</strong></span> <span class='ocrx_word' id='word_1_135' title='bbox 835 2084 938 2137; x_wconf 85' lang='lat' dir='ltr'><strong>iactata</strong></span> <span class='ocrx_word' id='word_1_136' title='bbox 957 2080 1096 2137; x_wconf 81' lang='lat' dir='ltr'><strong>recumbit</strong></span> <span class='ocrx_word' id='word_1_137' title='bbox 1114 2079 1142 2132; x_wconf 92' lang='lat' dir='ltr'><strong>in</strong></span> <span class='ocrx_word' id='word_1_138' title='bbox 1161 2093 1239 2132; x_wconf 83' lang='lat' dir='ltr'><strong>armo</strong></span> <span class='ocrx_word' id='word_1_139' title='bbox 1245 2097 1254 2144; x_wconf 78' lang='lat'>3</span> 
     </span>
     <span class='ocr_line' id='line_1_21' title="bbox 472 2154 1201 2229; baseline 0 -22"><span class='ocrx_word' id='word_1_140' title='bbox 472 2154 512 2208; x_wconf 89' lang='lat' dir='ltr'><strong>At</strong></span> <span class='ocrx_word' id='word_1_141' title='bbox 530 2155 632 2225; x_wconf 84' lang='lat' dir='ltr'><strong>duplex</strong></span> <span class='ocrx_word' id='word_1_142' title='bbox 649 2158 740 2227; x_wconf 82' lang='lat' dir='ltr'><strong>agitur</strong></span> <span class='ocrx_word' id='word_1_143' title='bbox 757 2175 807 2228; x_wconf 90' lang='lat' dir='ltr'><strong>per</strong></span> <span class='ocrx_word' id='word_1_144' title='bbox 825 2158 933 2213; x_wconf 88' lang='lat' dir='ltr'><strong>lumbos</strong></span> <span class='ocrx_word' id='word_1_145' title='bbox 953 2159 1048 2229; x_wconf 83' lang='lat' dir='ltr'><strong>spina;</strong></span> <span class='ocrx_word' id='word_1_146' title='bbox 1067 2157 1201 2223; x_wconf 77' lang='lat' dir='ltr'><strong>cavatque</strong></span> 
     </span>
     <span class='ocr_line' id='line_1_22' title="bbox 471 2230 1229 2306; baseline 0.005 -23"><span class='ocrx_word' id='word_1_147' title='bbox 471 2230 607 2287; x_wconf 85' lang='lat' dir='ltr'><strong>Tellurem</strong></span> <span class='ocrx_word' id='word_1_148' title='bbox 626 2238 656 2289; x_wconf 89' lang='lat' dir='ltr'><strong>et</strong></span> <span class='ocrx_word' id='word_1_149' title='bbox 673 2236 760 2290; x_wconf 90' lang='lat' dir='ltr'><strong>solido</strong></span> <span class='ocrx_word' id='word_1_150' title='bbox 778 2237 900 2306; x_wconf 75' lang='lat' dir='ltr'><strong>gravitm</strong></span> <span class='ocrx_word' id='word_1_151' title='bbox 920 2239 998 2291; x_wconf 87' lang='lat' dir='ltr'><strong>sonat</strong></span> <span class='ocrx_word' id='word_1_152' title='bbox 1016 2233 1120 2303; x_wconf 73' lang='lat' dir='ltr'><strong>ungrrla</strong></span> <span class='ocrx_word' id='word_1_153' title='bbox 1136 2246 1229 2287; x_wconf 85' lang='lat' dir='ltr'><strong>cornu.</strong></span> 
     </span>
     <span class='ocr_line' id='line_1_23' title="bbox 471 2305 1115 2380; baseline 0.005 -21"><span class='ocrx_word' id='word_1_154' title='bbox 471 2305 543 2360; x_wconf 82' lang='lat' dir='ltr'><strong>Talis</strong></span> <span class='ocrx_word' id='word_1_155' title='bbox 562 2310 702 2380; x_wconf 75' lang='lat' dir='ltr'><strong>Amyclaei</strong></span> <span class='ocrx_word' id='word_1_156' title='bbox 721 2314 842 2366; x_wconf 89' lang='lat' dir='ltr'><strong>domitus</strong></span> <span class='ocrx_word' id='word_1_157' title='bbox 863 2312 982 2367; x_wconf 91' lang='lat' dir='ltr'><strong>Pollucis</strong></span> <span class='ocrx_word' id='word_1_158' title='bbox 1002 2310 1115 2364; x_wconf 88' lang='lat' dir='ltr'><strong>habenis</strong></span> 
     </span>
     <span class='ocr_line' id='line_1_24' title="bbox 471 2381 1336 2459; baseline 0.001 -24"><span class='ocrx_word' id='word_1_159' title='bbox 471 2381 601 2451; x_wconf 81' lang='lat' dir='ltr'><strong>Cyllarus,</strong></span> <span class='ocrx_word' id='word_1_160' title='bbox 618 2390 654 2453; x_wconf 86' lang='lat' dir='ltr'><strong>et,</strong></span> <span class='ocrx_word' id='word_1_161' title='bbox 673 2404 790 2456; x_wconf 90' lang='lat' dir='ltr'><strong>quorum</strong></span> <span class='ocrx_word' id='word_1_162' title='bbox 810 2388 886 2441; x_wconf 78' lang='lat' dir='ltr'><strong>Gmii</strong></span> <span class='ocrx_word' id='word_1_163' title='bbox 906 2388 1057 2459; x_wconf 86' lang='lat' dir='ltr'><strong>meminere</strong></span> <span class='ocrx_word' id='word_1_164' title='bbox 1076 2386 1181 2453; x_wconf 86' lang='lat' dir='ltr'><strong>poetae,</strong></span> <span class='ocrx_word' id='word_1_165' title='bbox 1312 2396 1336 2436; x_wconf 84' lang='lat' dir='ltr'><strong>et</strong></span> 
     </span>
     <span class='ocr_line' id='line_1_25' title="bbox 471 2456 1199 2531; baseline 0.001 -20"><span class='ocrx_word' id='word_1_166' title='bbox 471 2457 569 2513; x_wconf 87' lang='lat' dir='ltr'><strong>Martis</strong></span> <span class='ocrx_word' id='word_1_167' title='bbox 588 2462 652 2530; x_wconf 92' lang='lat' dir='ltr'><strong>equi</strong></span> <span class='ocrx_word' id='word_1_168' title='bbox 671 2462 785 2531; x_wconf 64' lang='lat' dir='ltr'><strong>biiuges</strong></span> <span class='ocrx_word' id='word_1_169' title='bbox 806 2469 835 2517; x_wconf 88' lang='lat' dir='ltr'><strong>ct</strong></span> <span class='ocrx_word' id='word_1_170' title='bbox 853 2463 947 2531; x_wconf 85' lang='lat' dir='ltr'><strong>nragni</strong></span> <span class='ocrx_word' id='word_1_171' title='bbox 966 2478 1063 2516; x_wconf 90' lang='lat' dir='ltr'><strong>currus</strong></span> <span class='ocrx_word' id='word_1_172' title='bbox 1083 2456 1199 2513; x_wconf 87' lang='lat' dir='ltr'><strong>Achilli:</strong></span> 
     </span>
     <span class='ocr_line' id='line_1_26' title="bbox 471 2532 1141 2607; baseline 0 -20"><span class='ocrx_word' id='word_1_173' title='bbox 471 2532 544 2589; x_wconf 82' lang='lat' dir='ltr'><strong>Talis</strong></span> <span class='ocrx_word' id='word_1_174' title='bbox 561 2540 590 2590; x_wconf 89' lang='lat' dir='ltr'><strong>et</strong></span> <span class='ocrx_word' id='word_1_175' title='bbox 607 2537 667 2607; x_wconf 84' lang='lat' dir='ltr'><strong>ipse</strong></span> <span class='ocrx_word' id='word_1_176' title='bbox 685 2539 778 2593; x_wconf 89' lang='lat' dir='ltr'><strong>iubam</strong></span> <span class='ocrx_word' id='word_1_177' title='bbox 797 2540 903 2602; x_wconf 83' lang='lat' dir='ltr'><strong>cervice</strong></span> <span class='ocrx_word' id='word_1_178' title='bbox 923 2538 1023 2593; x_wconf 82' lang='lat' dir='ltr'><strong>effudit</strong></span> <span class='ocrx_word' id='word_1_179' title='bbox 1041 2536 1141 2606; x_wconf 90' lang='lat' dir='ltr'><strong>equina</strong></span> 
     </span>
     <span class='ocr_line' id='line_1_27' title="bbox 471 2610 1175 2684; baseline -0.001 -21"><span class='ocrx_word' id='word_1_180' title='bbox 471 2610 600 2680; x_wconf 82' lang='lat' dir='ltr'><strong>Coniugis</strong></span> <span class='ocrx_word' id='word_1_181' title='bbox 618 2614 739 2668; x_wconf 84' lang='lat' dir='ltr'><strong>adventu</strong></span> <span class='ocrx_word' id='word_1_182' title='bbox 756 2616 854 2684; x_wconf 86' lang='lat' dir='ltr'><strong>pernix</strong></span> <span class='ocrx_word' id='word_1_183' title='bbox 874 2616 1020 2681; x_wconf 82' lang='lat' dir='ltr'><strong>Saturnus,</strong></span> <span class='ocrx_word' id='word_1_184' title='bbox 1040 2616 1070 2667; x_wconf 88' lang='lat' dir='ltr'><strong>et</strong></span> <span class='ocrx_word' id='word_1_185' title='bbox 1089 2612 1175 2665; x_wconf 90' lang='lat' dir='ltr'><strong>altum</strong></span> 
     </span>
     <span class='ocr_line' id='line_1_28' title="bbox 471 2685 1056 2761; baseline 0.007 -22"><span class='ocrx_word' id='word_1_186' title='bbox 471 2685 565 2741; x_wconf 89' lang='lat' dir='ltr'><strong>Pelion</strong></span> <span class='ocrx_word' id='word_1_187' title='bbox 582 2689 690 2744; x_wconf 87' lang='lat' dir='ltr'><strong>hinnitu</strong></span> <span class='ocrx_word' id='word_1_188' title='bbox 708 2690 815 2759; x_wconf 80' lang='lat' dir='ltr'><strong>fugiens</strong></span> <span class='ocrx_word' id='word_1_189' title='bbox 834 2691 949 2761; x_wconf 85' lang='lat' dir='ltr'><strong>inplevit</strong></span> <span class='ocrx_word' id='word_1_190' title='bbox 968 2695 1056 2744; x_wconf 85' lang='lat' dir='ltr'><strong>acuto.</strong></span> 
     </span>
     <span class='ocr_line' id='line_1_29' title="bbox 505 2762 1336 2835; baseline 0.002 -19"><span class='ocrx_word' id='word_1_191' title='bbox 505 2762 587 2819; x_wconf 90' lang='lat' dir='ltr'><strong>Hunc</strong></span> <span class='ocrx_word' id='word_1_192' title='bbox 605 2782 723 2835; x_wconf 89' lang='lat' dir='ltr'><strong>quoqne,</strong></span> <span class='ocrx_word' id='word_1_193' title='bbox 741 2766 788 2820; x_wconf 90' lang='lat' dir='ltr'><strong>ubi</strong></span> <span class='ocrx_word' id='word_1_194' title='bbox 807 2771 855 2821; x_wconf 87' lang='lat' dir='ltr'><strong>aut</strong></span> <span class='ocrx_word' id='word_1_195' title='bbox 870 2768 965 2821; x_wconf 89' lang='lat' dir='ltr'><strong>morbo</strong></span> <span class='ocrx_word' id='word_1_196' title='bbox 979 2766 1073 2835; x_wconf 84' lang='lat' dir='ltr'><strong>gravis</strong></span> <span class='ocrx_word' id='word_1_197' title='bbox 1090 2768 1137 2818; x_wconf 90' lang='lat' dir='ltr'><strong>aut</strong></span> <span class='ocrx_word' id='word_1_198' title='bbox 1152 2764 1208 2817; x_wconf 83' lang='lat' dir='ltr'><strong>iam</strong></span> <span class='ocrx_word' id='word_1_199' title='bbox 1224 2764 1336 2832; x_wconf 74' lang='lat' dir='ltr'><strong>segnior</strong></span> 
     </span>
     <span class='ocr_line' id='line_1_30' title="bbox 539 2842 1335 2895; baseline -0.001 -1"><span class='ocrx_word' id='word_1_200' title='bbox 539 2842 615 2895; x_wconf 86' lang='lat' dir='ltr'><strong>annis</strong></span> <span class='ocrx_word' id='word_1_201' title='bbox 1311 2853 1335 2893; x_wconf 78' lang='lat' dir='ltr'><strong>st</strong></span> 
     </span>
     <span class='ocr_line' id='line_1_31' title="bbox 470 2907 1232 2988; baseline 0.001 -19"><span class='ocrx_word' id='word_1_202' title='bbox 470 2907 576 2985; x_wconf 83' lang='lat' dir='ltr'><strong>Deficit,</strong></span> <span class='ocrx_word' id='word_1_203' title='bbox 594 2918 667 2973; x_wconf 90' lang='lat' dir='ltr'><strong>abde</strong></span> <span class='ocrx_word' id='word_1_204' title='bbox 686 2918 775 2985; x_wconf 88' lang='lat' dir='ltr'><strong>domo,</strong></span> <span class='ocrx_word' id='word_1_205' title='bbox 793 2935 843 2972; x_wconf 91' lang='lat' dir='ltr'><strong>nec</strong></span> <span class='ocrx_word' id='word_1_206' title='bbox 861 2920 937 2988; x_wconf 84' lang='lat' dir='ltr'><strong>turpi</strong></span> <span class='ocrx_word' id='word_1_207' title='bbox 956 2920 1068 2986; x_wconf 77' lang='lat' dir='ltr'><strong>ignosce</strong></span> <span class='ocrx_word' id='word_1_208' title='bbox 1086 2920 1232 2971; x_wconf 86' lang='lat' dir='ltr'><strong>senectae:</strong></span> 
     </span>
     <span class='ocr_line' id='line_1_32' title="bbox 471 2991 1239 3063; baseline 0.001 -19"><span class='ocrx_word' id='word_1_209' title='bbox 471 2991 597 3061; x_wconf 81' lang='lat' dir='ltr'><strong>Frigidus</strong></span> <span class='ocrx_word' id='word_1_210' title='bbox 616 2994 644 3048; x_wconf 90' lang='lat' dir='ltr'><strong>in</strong></span> <span class='ocrx_word' id='word_1_211' title='bbox 663 2994 802 3049; x_wconf 88' lang='lat' dir='ltr'><strong>Venerem</strong></span> <span class='ocrx_word' id='word_1_212' title='bbox 820 2994 920 3062; x_wconf 86' lang='lat' dir='ltr'><strong>senior,</strong></span> <span class='ocrx_word' id='word_1_213' title='bbox 938 2994 1099 3063; x_wconf 78' lang='lat' dir='ltr'><strong>frustraque</strong></span> <span class='ocrx_word' id='word_1_214' title='bbox 1116 2992 1239 3046; x_wconf 82' lang='lat' dir='ltr'><strong>laborem</strong></span> 
     </span>
     <span class='ocr_line' id='line_1_33' title="bbox 471 3068 1336 3140; baseline 0.002 -20"><span class='ocrx_word' id='word_1_215' title='bbox 471 3068 616 3136; x_wconf 86' lang='lat' dir='ltr'><strong>Ingratum</strong></span> <span class='ocrx_word' id='word_1_216' title='bbox 635 3070 735 3136; x_wconf 80' lang='lat' dir='ltr'><strong>trabit3</strong></span> <span class='ocrx_word' id='word_1_217' title='bbox 753 3074 790 3139; x_wconf 89' lang='lat' dir='ltr'><strong>et,</strong></span> <span class='ocrx_word' id='word_1_218' title='bbox 804 3070 828 3125; x_wconf 91' lang='lat' dir='ltr'><strong>si</strong></span> <span class='ocrx_word' id='word_1_219' title='bbox 847 3070 956 3139; x_wconf 84' lang='lat' dir='ltr'><strong>quondo</strong></span> <span class='ocrx_word' id='word_1_220' title='bbox 975 3072 1011 3124; x_wconf 87' lang='lat' dir='ltr'><strong>ad</strong></span> <span class='ocrx_word' id='word_1_221' title='bbox 1030 3069 1135 3140; x_wconf 90' lang='lat' dir='ltr'><strong>proelia</strong></span> <span class='ocrx_word' id='word_1_222' title='bbox 1152 3072 1267 3122; x_wconf 85' lang='lat' dir='ltr'><strong>ventum</strong></span> <span class='ocrx_word' id='word_1_223' title='bbox 1285 3071 1336 3135; x_wconf 85' lang='lat' dir='ltr'><strong>est,</strong></span> 
     </span>
     <span class='ocr_line' id='line_1_34' title="bbox 470 3139 1275 3216; baseline 0.001 -19"><span class='ocrx_word' id='word_1_224' title='bbox 470 3139 510 3197; x_wconf 91' lang='lat' dir='ltr'><strong>Ut</strong></span> <span class='ocrx_word' id='word_1_225' title='bbox 528 3147 667 3213; x_wconf 83' lang='lat' dir='ltr'><strong>qnondam</strong></span> <span class='ocrx_word' id='word_1_226' title='bbox 684 3148 713 3201; x_wconf 91' lang='lat' dir='ltr'><strong>in</strong></span> <span class='ocrx_word' id='word_1_227' title='bbox 731 3146 842 3216; x_wconf 88' lang='lat' dir='ltr'><strong>stipulis</strong></span> <span class='ocrx_word' id='word_1_228' title='bbox 860 3163 976 3215; x_wconf 83' lang='lat' dir='ltr'><strong>magnus</strong></span> <span class='ocrx_word' id='word_1_229' title='bbox 995 3146 1054 3201; x_wconf 89' lang='lat' dir='ltr'><strong>sine</strong></span> <span class='ocrx_word' id='word_1_230' title='bbox 1074 3144 1178 3200; x_wconf 83' lang='lat' dir='ltr'><strong>viribus</strong></span> <span class='ocrx_word' id='word_1_231' title='bbox 1196 3143 1275 3212; x_wconf 76' lang='lat' dir='ltr'><strong>ignis,</strong></span> 
     </span>
     <span class='ocr_line' id='line_1_35' title="bbox 471 3220 1337 3292; baseline -0.001 -20"><span class='ocrx_word' id='word_1_232' title='bbox 471 3220 611 3276; x_wconf 85' lang='lat' dir='ltr'><strong>Incassum</strong></span> <span class='ocrx_word' id='word_1_233' title='bbox 631 3223 706 3277; x_wconf 85' lang='lat' dir='ltr'><strong>furit.</strong></span> <span class='ocrx_word' id='word_1_234' title='bbox 743 3223 816 3290; x_wconf 83' lang='lat' dir='ltr'><strong>Ergo</strong></span> <span class='ocrx_word' id='word_1_235' title='bbox 834 3222 939 3275; x_wconf 85' lang='lat' dir='ltr'><strong>animos</strong></span> <span class='ocrx_word' id='word_1_236' title='bbox 957 3239 1115 3292; x_wconf 87' lang='lat' dir='ltr'><strong>aevumque</strong></span> <span class='ocrx_word' id='word_1_237' title='bbox 1134 3220 1244 3275; x_wconf 86' lang='lat' dir='ltr'><strong>notabis</strong></span> <span class='ocrx_word' id='word_1_238' title='bbox 1301 3233 1337 3272; x_wconf 76' lang='lat' dir='ltr'><strong>roo</strong></span> 
     </span>
     <span class='ocr_line' id='line_1_36' title="bbox 471 3296 1253 3368; baseline 0 -19"><span class='ocrx_word' id='word_1_239' title='bbox 471 3296 621 3368; x_wconf 90' lang='lat' dir='ltr'><strong>Praecipue</strong></span> <span class='ocrx_word' id='word_1_240' title='bbox 631 3320 638 3365; x_wconf 95' lang='lat'>;</span> <span class='ocrx_word' id='word_1_241' title='bbox 656 3299 719 3353; x_wconf 91' lang='lat' dir='ltr'><strong>binc</strong></span> <span class='ocrx_word' id='word_1_242' title='bbox 737 3298 804 3352; x_wconf 83' lang='lat' dir='ltr'><strong>alias</strong></span> <span class='ocrx_word' id='word_1_243' title='bbox 823 3298 898 3365; x_wconf 80' lang='lat' dir='ltr'><strong>artis,</strong></span> <span class='ocrx_word' id='word_1_244' title='bbox 918 3298 1080 3368; x_wconf 87' lang='lat' dir='ltr'><strong>prolemque</strong></span> <span class='ocrx_word' id='word_1_245' title='bbox 1099 3300 1253 3366; x_wconf 90' lang='lat' dir='ltr'><strong>parentum,</strong></span> 
     </span>
     <span class='ocr_line' id='line_1_37' title="bbox 382 3372 1228 3444; baseline 0.001 -19"><span class='ocrx_word' id='word_1_246' title='bbox 382 3392 391 3408; x_wconf 83' lang='lat'><em>.</em></span> <span class='ocrx_word' id='word_1_247' title='bbox 471 3372 507 3427; x_wconf 83' lang='lat' dir='ltr'><strong>llt</strong></span> <span class='ocrx_word' id='word_1_248' title='bbox 525 3375 587 3444; x_wconf 89' lang='lat' dir='ltr'><strong>quis</strong></span> <span class='ocrx_word' id='word_1_249' title='bbox 606 3376 704 3444; x_wconf 90' lang='lat' dir='ltr'><strong>cuique</strong></span> <span class='ocrx_word' id='word_1_250' title='bbox 722 3374 800 3428; x_wconf 92' lang='lat' dir='ltr'><strong>dolor</strong></span> <span class='ocrx_word' id='word_1_251' title='bbox 819 3374 899 3441; x_wconf 85' lang='lat' dir='ltr'><strong>victo,</strong></span> <span class='ocrx_word' id='word_1_252' title='bbox 919 3391 988 3443; x_wconf 88' lang='lat' dir='ltr'><strong>quae</strong></span> <span class='ocrx_word' id='word_1_253' title='bbox 1007 3374 1094 3443; x_wconf 87' lang='lat' dir='ltr'><strong>gloria</strong></span> <span class='ocrx_word' id='word_1_254' title='bbox 1113 3373 1228 3443; x_wconf 84' lang='lat' dir='ltr'><strong>palmae.</strong></span> 
     </span>
     <span class='ocr_line' id='line_1_38' title="bbox 470 3448 1227 3520; baseline -0.004 -18"><span class='ocrx_word' id='word_1_255' title='bbox 470 3448 496 3501; x_wconf 89' lang='lat' dir='ltr'>N</span> <span class='ocrx_word' id='word_1_256' title='bbox 499 3467 568 3505; x_wconf 90' lang='lat' dir='ltr'><strong>enne</strong></span> <span class='ocrx_word' id='word_1_257' title='bbox 586 3453 671 3519; x_wconf 84' lang='lat' dir='ltr'><strong>vides,</strong></span> <span class='ocrx_word' id='word_1_258' title='bbox 689 3468 752 3505; x_wconf 90' lang='lat' dir='ltr'><strong>cum</strong></span> <span class='ocrx_word' id='word_1_259' title='bbox 769 3450 914 3520; x_wconf 86' lang='lat' dir='ltr'><strong>praecipiti</strong></span> <span class='ocrx_word' id='word_1_260' title='bbox 932 3451 1082 3504; x_wconf 83' lang='lat' dir='ltr'><strong>certamine</strong></span> <span class='ocrx_word' id='word_1_261' title='bbox 1102 3464 1227 3517; x_wconf 91' lang='lat' dir='ltr'><strong>campum</strong></span> 
     </span>
     <span class='ocr_line' id='line_1_39' title="bbox 456 3524 1142 3599; baseline 0.007 -27"><span class='ocrx_word' id='word_1_262' title='bbox 456 3524 627 3593; x_wconf 76' lang='lat' dir='ltr'><strong>Oompuere</strong></span> <span class='ocrx_word' id='word_1_263' title='bbox 643 3531 791 3599; x_wconf 90' lang='lat' dir='ltr'><strong>ruuntque</strong></span> <span class='ocrx_word' id='word_1_264' title='bbox 809 3528 891 3584; x_wconf 84' lang='lat' dir='ltr'><strong>effusi</strong></span> <span class='ocrx_word' id='word_1_265' title='bbox 910 3544 1023 3583; x_wconf 84' lang='lat' dir='ltr'><strong>carcere</strong></span> <span class='ocrx_word' id='word_1_266' title='bbox 1035 3542 1142 3592; x_wconf 81' lang='lat' dir='ltr'><strong>currus,</strong></span> 
     </span>
     <span class='ocr_line' id='line_1_40' title="bbox 440 3594 1358 3677; baseline -0.015 -11"><span class='ocrx_word' id='word_1_267' title='bbox 440 3594 513 3648; x_wconf 81' lang='lat' dir='ltr'><strong>Cum</strong></span> <span class='ocrx_word' id='word_1_268' title='bbox 531 3615 602 3666; x_wconf 62' lang='grc'><em>31168</em></span> <span class='ocrx_word' id='word_1_269' title='bbox 619 3610 756 3663; x_wconf 78' lang='lat' dir='ltr'><strong>arrectae</strong></span> <span class='ocrx_word' id='word_1_270' title='bbox 775 3608 924 3677; x_wconf 84' lang='lat' dir='ltr'><strong>iuvenum,</strong></span> <span class='ocrx_word' id='word_1_271' title='bbox 945 3603 1178 3669; x_wconf 71' lang='lat' dir='ltr'><strong>exsultantiaque</strong></span> <span class='ocrx_word' id='word_1_272' title='bbox 1191 3597 1295 3649; x_wconf 66' lang='lat' dir='ltr'><strong>bennit</strong></span> <span class='ocrx_word' id='word_1_273' title='bbox 1320 3609 1358 3645; x_wconf 63' lang='lat' dir='ltr'><strong>ua</strong></span> 
     </span>
     <span class='ocr_line' id='line_1_41' title="bbox 376 3664 1283 3762; baseline -0.015 -20"><span class='ocrx_word' id='word_1_274' title='bbox 376 3729 382 3762; x_wconf 23' lang='grc' dir='ltr'>ι</span> <span class='ocrx_word' id='word_1_275' title='bbox 423 3664 522 3752; x_wconf 54' lang='lat' dir='ltr'><strong>ew</strong></span> <span class='ocrx_word' id='word_1_276' title='bbox 537 3690 639 3742; x_wconf 60' lang='lat' dir='ltr'><strong>Pavor</strong></span> <span class='ocrx_word' id='word_1_277' title='bbox 655 3683 803 3753; x_wconf 82' lang='lat' dir='ltr'><strong>pulsensl</strong></span> <span class='ocrx_word' id='word_1_278' title='bbox 847 3687 897 3746; x_wconf 92' lang='lat' dir='ltr'><strong>Illi</strong></span> <span class='ocrx_word' id='word_1_279' title='bbox 917 3685 1039 3743; x_wconf 86' lang='lat' dir='ltr'><strong>instant</strong></span> <span class='ocrx_word' id='word_1_280' title='bbox 1056 3677 1183 3735; x_wconf 75' lang='lat' dir='ltr'><strong>uerbere</strong></span> <span class='ocrx_word' id='word_1_281' title='bbox 1200 3674 1283 3723; x_wconf 64' lang='lat' dir='ltr'><strong>toute</strong></span> 
     </span>
    </p>
   </div>
   <div class='ocr_carea' id='block_1_3' title="bbox 0 0 1738 4367">
    <p class='ocr_par' dir='ltr' id='par_1_3' title="bbox 0 0 1738 4367">
     <span class='ocr_line' id='line_1_42' title="bbox 0 0 1738 4367; baseline 0 1"><span class='ocrx_word' id='word_1_282' title='bbox 0 0 1738 4367; x_wconf 95' lang='lat' dir='ltr'><strong> </strong></span> 
     </span>
    </p>
   </div>
  </div>
 </body>
</html>
