3467 4367
711 628 917 679 GEORGIOON
935 628 1012 678 IlIB.¹
1024 629 1046 678 1.
1275 634 1307 679 29

456 708 486 764 si
505 711 637 779 superant
653 708 735 778 fetus,
752 710 856 784 pariter
873 710 1010 764 frumenta
1027 713 1184 779 sequentur,

455 784 612 853 Magnaque
629 800 691 838 cum
708 802 807 853 magno
825 788 916 840 veniet
933 787 1153 853 tritura.calore;
1270 803 1308 843 rao

456 861 498 915 At
515 861 539 914 si
556 860 664 913 luxuria
681 861 806 915 soliorum
823 863 958 916 exuberat
974 863 1078 933 umbra,
1225 851 1230 862 ’

454 935 628 1005 Nequiquam
646 937 754 1005 pinguis
772 938 851 1006 palea
870 942 942 992 teret
961 956 1025 994 area
1042 941 1153 996 culmos.

454 1011 565 1066 Semina
582 1012 638 1065 ridi
656 1011 783 1081 equidem
802 1014 903 1067 multos
921 1016 1057 1072 medicare
1075 1018 1192 1074 serentis

454 1086 491 1142 Et
510 1089 583 1143 nitro
600 1088 675 1158 prius
693 1090 723 1143 et
739 1090 818 1157 nigra
835 1090 1001 1157 perfundere
1019 1109 1139 1162 amurga,

454 1164 590 1219 Grandior
606 1168 639 1218 ut
656 1165 728 1219 setus
746 1166 850 1234 siliquis
867 1165 1007 1221 fallacibus
1025 1173 1106 1237 esset,
1259 1176 1309 1225 'ras

453 1240 498 1309 Et,
518 1242 640 1310 quamvis
657 1241 714 1309 igni
731 1243 837 1310 exiguo,
855 1247 1003 1311 properata
1020 1245 1171 1302 maderent.

452 1316 518 1372 Vidi
537 1318 609 1372 lecta
627 1316 675 1371 diu
693 1321 722 1371 et
740 1319 826 1372 multo
845 1322 970 1388 spectata
987 1320 1081 1375 labore

453 1393 629 1461 Degenerare
647 1398 749 1463 tamen,
767 1394 795 1447 ni
812 1396 853 1448 vis
871 1394 989 1448 humana
1006 1400 1074 1465 quot
1091 1398 1168 1450 annis

452 1469 585 1523 Maxuma
603 1486 728 1539 quaeque
745 1487 828 1524 manu
845 1470 960 1538 legeret
998 1472 1042 1526 Sic
1060 1474 1149 1526 omnia
1166 1473 1230 1531 fatis

452 1545 487 1599 In
506 1547 584 1614 peius
602 1562 690 1613 ruere,
708 1562 741 1599 ac
757 1550 833 1600 retro
852 1547 979 1616 sublapsa
996 1549 1106 1613 referri;
1270 1562 1307 1601 eoo

452 1622 515 1675 Non
533 1622 621 1691 ahter,
639 1640 720 1692 quam
738 1624 784 1692 qui
802 1623 917 1677 adverso
935 1624 980 1677 vix
998 1623 1108 1678 flumine
1127 1624 1247 1677 lembum

452 1698 584 1766 Remigiis
604 1699 713 1766 subigit,
732 1700 755 1751 si
773 1699 897 1752 bracchia
915 1699 987 1753 forte
1005 1701 1118 1769 remisit,

454 1775 547 1842 Atque
564 1775 640 1828 illum
658 1776 686 1828 in
703 1792 834 1844 praeceps
852 1792 938 1844 prono
955 1776 1029 1843 rapit
1046 1775 1138 1829 alveus
1155 1776 1235 1831 amni

489 1850 638 1904 Praeterea
655 1855 713 1905 tarn
732 1855 796 1905 sunt
815 1852 929 1905 Arcturi
946 1852 1038 1905 sidera
1055 1853 1132 1906 nobis

452 1925 668 1996 Haedorumque
687 1928 746 1981 dies
763 1927 889 1980 servandi
908 1931 937 1981 et
954 1927 1059 1981 lucidus
1078 1928 1191 1996 Anguis,
1268 1942 1306 1983 aot

453 2002 540 2066 Quam
559 2002 657 2071 quibus
673 2003 702 2056 in
719 2003 837 2073 patriam
856 1999 970 2056 ventosa
986 2020 1037 2072 per
1054 2020 1173 2072 aequora
1190 2003 1276 2057 vectis

453 2077 558 2131 Pontus
577 2082 606 2132 et
624 2080 743 2134 ostriferi
760 2079 852 2133 fauces
871 2082 1044 2147 temptantur
1062 2079 1162 2148 Abydi.

452 2154 536 2208 Libra
554 2155 599 2209 die
617 2156 758 2224 somnique
775 2171 856 2223 pares
873 2154 920 2207 ubi
938 2154 1035 2208 feeerit
1053 2155 1143 2222 horas,

451 2230 489 2284 Et
507 2231 628 2285 medium
644 2232 697 2285 luci
714 2234 797 2299 atque
816 2230 920 2283 umbris
937 2231 991 2283 iam
1011 2230 1109 2283 dividit
1127 2230 1230 2296 orbem,

451 2306 594 2375 Exercete,
614 2307 671 2374 riri,
690 2311 789 2371 tauros
808 2306 892 2360 serite
910 2305 1014 2359 hordea
1033 2306 1143 2373 campis,
1268 2321 1306 2359 aro

451 2382 548 2451 Usque
566 2382 617 2437 sub
635 2388 788 2437 extremum
806 2382 919 2435 brumae
937 2380 1118 2434 intractabilis
1134 2380 1264 2445 imbrem;

450 2458 473 2509 N
479 2475 511 2513 ec
528 2476 581 2512 non
600 2463 630 2512 et
647 2459 694 2512 lini
713 2464 834 2527 segetem
853 2461 883 2511 et
902 2457 1015 2511 Cereale
1033 2473 1151 2525 papaver

449 2535 569 2604 Tempus
581 2535 664 2588 humo
676 2539 781 2603 tegere,
793 2537 822 2588 et
834 2534 993 2587 iamdudum
1005 2533 1161 2587 incumbere
1172 2528 1279 2600 aratria

450 2610 523 2683 Dum
541 2612 611 2665 sicca
629 2612 728 2665 tellure
745 2612 817 2678 licet,
836 2611 902 2663 dum
920 2610 1013 2663 nubila
1030 2610 1157 2678 pendent.

449 2687 524 2742 Vere
543 2688 612 2742 fabis
631 2689 715 2755 satio;
734 2691 794 2741 tum
813 2690 842 2741 te
860 2703 975 2755 quoque,
995 2686 1110 2751 Medica
1128 2689 1224 2754 putres
1267 2698 1304 2739 21⁵

450 2764 599 2833 Accipiunt
617 2765 690 2831 sulci,
710 2769 739 2818 et
757 2764 830 2817 milio
848 2764 924 2816 venit
942 2779 1031 2815 annua
1049 2778 1121 2827 cura,

450 2840 589 2894 Candidus
607 2842 710 2894 auratis
727 2841 816 2909 aperit
834 2856 895 2891 cum
913 2835 1040 2891 cornibus
1058 2853 1156 2889 annum

449 2914 561 2984 Tauria,
582 2921 612 2971 et
629 2916 744 2970 adverso
762 2916 862 2970 cedens
882 2913 963 2968 Canis
981 2913 1081 2966 occidit
1097 2916 1178 2966 astro.

449 2994 490 3047 At
509 2993 531 3045 si
550 2994 685 3046 triticeam
702 2992 731 3045 in
749 3008 865 3045 messem
884 2989 1050 3056 robustaque
1068 2989 1142 3042 farra

449 3068 597 3123 Exercebis
616 3068 728 3121 humum
747 3067 863 3134 solisque
881 3065 996 3119 instabis
1014 3064 1112 3132 aristis,
1268 3077 1305 3117 aaa

450 3146 525 3199 Ante
543 3144 594 3198 tibi
614 3146 688 3198 Deae
707 3143 865 3198 Atlantides
884 3141 1087 3195 abscondantur

449 3221 603 3289 Gnosiaque
622 3220 744 3273 ardentis
763 3218 881 3272 decedat
899 3217 980 3271 stella
999 3217 1127 3282 Coronae,

449 3294 550 3352 Debita
568 3314 649 3365 quam
668 3296 747 3350 sulcis
766 3296 921 3349 committas
939 3294 1049 3359 semina,
1068 3305 1203 3361 quamque

449 3373 556 3428 Invitae
574 3390 706 3443 properes
725 3374 789 3425 anni
807 3389 884 3442 spem
903 3370 1015 3425 credere
1033 3372 1133 3423 terrae.

447 3449 529 3504 Multi
547 3453 612 3504 ante
632 3466 757 3504 occasum
776 3448 867 3505 Maiae
887 3465 1024 3520 coepere3
1043 3444 1179 3501 sedilios
1282 3450 1329 3487 aa

442 3527 608 3594 Exspectata
627 3544 709 3598 seges
731 3529 811 3585 ranis
831 3528 919 3585 elusit
936 3528 1046 3584 aristis.

427 3601 460 3651 Si
477 3618 541 3655 reto
562 3604 721 3678 viciamque
743 3626 828 3667 seres
845 3610 1000 3681 vilemque
1017 3599 1182 3678 phaselum

415 3673 480 3729 Nec
498 3678 667 3741 Pelusiacae
685 3703 793 3747 curam
816 3689 1033 3765 aspernabere
1051 3677 1166 3740 senus,
