3467 4367
666 640 854 691 BUCOLIOA.
889 641 964 692 EOL.
983 641 1018 692 X.
1229 642 1271 691 23

416 722 481 778 Non
497 722 576 778 illum
593 723 680 777 nostri
697 726 812 791 possunt
829 726 939 778 mutare
956 724 1069 793 labores,

416 800 478 854 Nec
493 800 517 853 si
534 799 682 868 frigoribus
699 799 798 853 mediis
817 800 998 868 Hebrumque
1017 800 1142 854 bibamus
1249 815 1274 855 us

417 876 612 945 Sithoniasque
629 876 705 929 nives
722 876 819 929 hiemis
837 876 982 931 subeamus
999 893 1125 946 aquosae,

417 952 445 1006 N
446 968 479 1006 00
496 952 527 1020 si,
545 968 608 1006 cum
625 953 744 1005 moriens
761 953 817 1006 alta
834 951 906 1006 liber
923 956 984 1006 eret
1001 952 1030 1005 in
1047 952 1128 1022 ulmo,

420 1028 589 1098 Aethiopum
606 1044 746 1082 versemus
764 1027 822 1081 ovis
840 1027 891 1081 sub
910 1028 1000 1083 sidere
1019 1028 1125 1083 Generi.

418 1104 518 1159 Omnia
535 1104 620 1159 vincit
639 1106 741 1170 Am0r3
762 1109 792 1158 et
809 1121 858 1158 nos
876 1104 1005 1160 cedemus
1025 1105 1130 1159 Amori.

455 1181 534 1235 Haec
551 1183 594 1235 sat
611 1182 672 1249 erit,
690 1181 777 1249 divae,
795 1184 918 1235 vestrum
936 1181 1067 1235 cecinisse
1084 1185 1201 1251 poetam,
1249 1197 1274 1238 m

419 1256 494 1311 Dum
512 1258 591 1311 sedet
608 1261 637 1312 et
653 1258 749 1326 gracili
767 1258 897 1311 fiscellam
914 1257 987 1312 texit
1004 1257 1115 1327 hibisco,

420 1334 560 1396 Pieridcs;
579 1351 627 1388 vos
643 1334 710 1387 haec
728 1334 833 1388 facietis
850 1350 979 1387 maxuma
998 1333 1083 1402 Gallo,

419 1410 506 1484 Gallo,
525 1411 601 1478 cuius
618 1427 695 1463 umor
711 1414 819 1464 tantum
838 1410 905 1463 mibi
924 1409 1023 1464 crescit
1040 1410 1068 1463 in
1085 1412 1173 1479 horus,

420 1488 559 1553 Quantum
576 1502 727 1540 venenoso
744 1486 840 1539 viridis
859 1502 889 1539 sc
907 1486 1016 1540 subiicit
1033 1486 1118 1540 ulnus.
1295 1537 1301 1550 ,

420 1563 582 1631 Sur-gemus:
603 1562 673 1616 solet
691 1578 751 1616 esse
768 1563 859 1629 gnavis
877 1563 1049 1618 cantantibus
1067 1563 1179 1631 umbra3
1249 1578 1274 1617 rs

421 1640 545 1708 luniperi
562 1638 652 1707 gravis
669 1639 781 1704 umbra3
801 1643 902 1693 nocent
919 1643 949 1693 et
964 1634 1090 1704 frugibus
1108 1640 1228 1694 umbrae.

421 1716 467 1770 Ite
484 1715 595 1768 domum
613 1719 732 1776 suturas,
749 1715 825 1769 venit
843 1716 993 1782 Hesperus,
1011 1718 1050 1769 ite
1067 1716 1194 1776 capellae.
