3467 4367
669 616 875 666 eucnemon
896 602 965 663 Lis.
986 614 1032 664 iv,
1242 611 1272 658 aa

419 702 524 757 Sideris
540 703 568 754 in
585 716 726 753 numerum
743 701 827 767 atque
844 696 900 750 alto
918 694 1063 749 succedere
1080 694 1161 749 caclo.

455 776 613 848 Siquando
631 774 724 828 sedem
742 777 886 841 angustam
906 776 1066 841 servataque
1082 770 1163 824 mella

419 854 566 909 Thessalis
583 853 690 919 relines,
708 852 782 920 prius
800 849 901 903 haustu
919 865 1029 918 sparsus
1047 862 1178 916 aquarum

420 926 564 998 Oratore,
581 929 723 995 fumosque
741 944 822 979 manu
839 925 991 995 praetende
1011 924 1139 991 sequacis.

420 1008 469 1061 Bis
486 1004 615 1074 gravidos
632 1005 733 1069 coguut
749 1003 830 1070 fetus,
849 1003 904 1055 duo
922 1005 1045 1069 tempora
1062 999 1166 1064 messis,

420 1083 541 1151 Taygete
559 1079 637 1134 simul
655 1096 686 1132 os
704 1079 786 1133 terris
803 1078 926 1132 ostendit
943 1076 1089 1130 honestum

421 1159 494 1212 Plias
512 1160 542 1210 et
560 1155 660 1209 Oceani
678 1158 785 1223 spretos
802 1154 874 1224 pede
892 1153 1012 1223 reppulit
1029 1154 1123 1219 amnis,

423 1237 481 1287 Aut
499 1232 596 1286 cadem
614 1232 689 1285 sidus
705 1232 812 1299 fugiens
829 1230 876 1284 ubi
895 1230 979 1283 Piscis
997 1231 1090 1299 aquosi

420 1308 536 1362 Tristior
553 1307 682 1362 hibernas
698 1307 773 1361 caelo
791 1307 934 1360 descendit
951 1306 979 1359 in
996 1306 1090 1360 nudas.
1115 1330 1116 1333 ¹

423 1385 481 1437 lllis
498 1384 540 1437 ira
557 1383 668 1436 modum
686 1399 768 1452 supra
785 1387 835 1450 est,
853 1383 996 1451 laesaeque
1014 1398 1146 1435 venenum

422 1459 559 1514 Morsibus
576 1459 717 1528 inspirant,
735 1463 765 1513 et
782 1459 884 1527 spicula
902 1475 981 1512 caeca
998 1457 1154 1525 relinquunt

423 1536 542 1589 Adfixae
559 1535 642 1602 venis,
659 1536 815 1604 animasque
832 1535 861 1587 in
879 1534 988 1588 volnere
1006 1536 1116 1603 ponunt.

421 1613 469 1665 Sin
488 1611 585 1664 duram
602 1614 709 1664 metues
726 1611 843 1666 hiemem
861 1628 1012 1680 parcesque
1024 1612 1122 1663 111110

421 1689 629 1755 Contrmsosque
647 1688 749 1741 animos
767 1693 796 1741 et
813 1704 858 1741 res
876 1687 1041 1742 miserabere
1060 1687 1172 1740 fractas:

422 1767 463 1817 At
481 1763 573 1816 suffire
591 1763 685 1831 thymo
702 1780 833 1833 cerasque
851 1764 975 1818 recidere
992 1765 1079 1817 inanis

423 1839 491 1904 Quis
509 1838 634 1893 dubitati
656 1856 719 1892 nam
737 1856 819 1909 saepe
836 1841 912 1893 favos
930 1839 1040 1907 ignotus
1058 1839 1151 1893 adedit

422 1914 520 1968 Stellio
536 1917 567 1984 st
584 1915 709 1983 lucifugis
727 1919 856 1985 congesta
874 1916 972 1977 cubilia
990 1917 1085 1969 blattis

423 1990 612 2060 Immunisque
630 1992 729 2045 sedens
746 1993 834 2046 aliena
850 1992 887 2046 ad
905 1992 1005 2059 pabula
1023 1993 1108 2059 incus,

424 2069 484 2121 Ant
501 2084 582 2136 asper
599 2068 695 2122 crabro
712 2069 852 2138 inparibus
870 2087 900 2124 se
917 2070 1055 2123 inmiscuit
1072 2070 1162 2133 armis,

423 2146 484 2197 Ant
501 2144 600 2212 dirum,
617 2145 710 2212 tiniae,
727 2162 821 2213 geum,
838 2149 887 2200 aut
904 2146 990 2199 invisa
1009 2146 1149 2199 Minervae

423 2220 514 2274 Laxos
530 2221 559 2273 in
577 2222 680 2276 foribus
697 2222 839 2291 suspendit
856 2238 956 2275 aranea
974 2237 1069 2274 (asses.

423 2296 484 2360 Quo
502 2298 588 2366 magis
607 2298 755 2352 exhaustas
771 2298 880 2361 fuerint,
899 2298 949 2350 hoc
967 2298 1054 2350 acrius
1072 2313 1166 2350 omncs

424 2373 589 2428 Ineumbcnt
605 2375 714 2442 generis
732 2374 799 2443 lapsi
817 2373 917 2427 sarcire
935 2374 1034 2441 ruinas,

423 2448 651 2518 Conpleburitquo
668 2450 741 2503 foros
759 2452 789 2502 et
806 2449 918 2503 floribus
935 2451 1033 2504 horrea
1050 2452 1153 2504 taxent.

459 2525 488 2579 Si
506 2542 576 2590 vero,
594 2526 719 2593 quoniam
737 2542 815 2579 casus
831 2526 928 2594 apibus
946 2543 1054 2596 quoque
1071 2529 1180 2580 nostros
1210 2543 1214 2551 ’

425 2601 493 2655 Vita
510 2602 581 2668 tulit,
600 2602 673 2655 tristi
690 2602 859 2671 languebunt
877 2619 990 2671 corpora
1008 2604 1103 2657 morbo
1112 2624 1153 2668 ;-

417 2677 505 2743 *Quod
522 2678 576 2730 iam
594 2694 648 2731 non
667 2678 756 2732 dubiis
773 2680 877 2747 poteris
895 2696 1058 2747 cognoscere
1077 2681 1172 2749 siguis:

425 2754 559 2807 Continuo
578 2758 622 2808 cst
639 2755 728 2823 aegris
746 2756 814 2809 alius
832 2756 921 2821 color;
940 2757 1052 2810 horrida
1070 2757 1190 2816 voltum,

425 2829 570 2884 Deformat
587 2832 700 2896 macies;
722 2835 779 2884 tum
797 2849 911 2901 corpora
929 2833 989 2887 luco
1007 2837 1147 2886 carentum

426 2906 580 2975 llxportant
597 2904 678 2961 te'ctis
696 2911 726 2962 et
743 2909 834 2963 tristia
850 2909 948 2962 funera
966 2909 1085 2975 ducunt;

426 2982 567 3056 Autillae
585 2984 703 3052 pedibus
722 3002 859 3039 connexae
878 2986 914 3039 ad
932 2986 1026 3040 limina
1043 2986 1173 3053 pendent,

426 3058 486 3112 Aut
502 3059 576 3112 intus
594 3060 691 3115 clausis
709 3066 872 3116 0110111111
889 3064 917 3116 11
936 3062 1057 3130 aedibus,
1075 3078 1169 3115 omues

428 3135 602 3205 Ignavaeque
619 3139 691 3193 fame
710 3143 739 3192 01
756 3142 896 3194 contracto
914 3140 1014 3208 frigore
1031 3140 1133 3208 pigrae.

426 3210 495 3264 'l'um
514 3228 594 3266 sonus
612 3215 723 3269 auditur
740 3217 856 3283 gravior,
876 3216 1041 3285 tractimque
1060 3216 1209 3280 susurrant,
1245 3226 1281 3265 aso

427 3286 557 3355 Frigidus
575 3293 606 3343 ut
623 3292 760 3360 quondam
779 3291 852 3344 silvis
869 3292 1051 3346 inmurmurat
1070 3293 1188 3355 Auster;

426 3362 468 3416 Ut
484 3375 561 3417 mare
579 3366 721 3420 sollicitum
740 3366 834 3420 stridit
851 3367 1030 3422 refluentibus
1047 3368 1142 3432 undis;

428 3438 549 3492 Aestuat
566 3444 598 3494 ut
615 3442 712 3495 clausis
730 3443 842 3511 rapidus
860 3444 1017 3501 fornacibus
1033 3445 1120 3515 ignis.

426 3513 482 3565 Hic
495 3513 550 3567 riam
564 3517 714 3583 galbaneos
731 3519 858 3577 suadebo
875 3523 1033 3588 incendere
1052 3523 1170 3588 odores,

410 3584 553 3653 Mellaqne
569 3594 734 3651 arundineis
753 3599 863 3659 inferre
884 3604 1050 3671 canalibus,
1066 3604 1152 3658 ultra
1297 3594 1345 3633 ᾖ

398 3654 571 3719 Ηθήᾶῦῧθω
591 3673 621 3723 et
639 3671 735 3730 fessas
754 3678 795 3735 ad
814 3682 933 3753 pabula
951 3688 1031 3740 nota,
1048 3680 1229 3737 noemma
