3467 4367
702 618 886 667 AENEIDOS
903 619 971 669 LIB.
989 620 1023 667 V.
1240 615 1284 664 181

433 696 539 752 Gaudia
555 701 744 767 pertemptant
762 701 897 765 mentem;
914 699 992 753 iubet
1010 696 1084 753 ocius
1102 695 1189 751 omnis

419 771 535 827 'Attolli
553 774 645 843 malos,
664 774 770 828 intendi
789 774 916 829 bracchia
934 775 1007 829 velis.

432 849 497 904 Una
514 865 606 903 omnes
623 852 713 905 fecere
730 850 837 919 pedem,
855 852 1015 920 pariterque
1033 851 1164 917 sinistros,
1252 862 1289 907 8³⁰

432 925 459 979 N
461 941 514 979 unc
531 924 644 980 dextros
662 926 767 981 solvere
786 928 874 993 sinus;
891 944 945 980 una
964 926 1050 980 ardua
1067 929 1198 994 torquent

433 1002 541 1056 Cornua
558 1001 793 1072 detorquentque;
811 1003 904 1056 ferunt
923 1020 972 1057 sua
989 1003 1098 1056 flamina
1114 1003 1234 1057 classem

434 1078 565 1146 Princeps
583 1084 647 1133 ante
665 1081 752 1133 omnis
771 1079 886 1134 densum
905 1079 1049 1133 Palinurus
1067 1078 1167 1148 agebat

433 1154 557 1222 Agmen;
574 1154 609 1209 ad
627 1155 699 1210 hunc
717 1156 762 1209 alii
781 1171 890 1209 cursum
909 1154 1074 1210 contendere
1091 1157 1165 1210 iussi.

434 1231 549 1300 lamque
567 1232 625 1286 fere
643 1232 762 1285 mediam
781 1231 848 1286 caeli
868 1231 895 1284 N
897 1249 932 1285 ox
951 1231 1063 1285 humida
1080 1237 1181 1287 metam

396 1363 401 1374 ,
434 1306 609 1375 Contigerat3
627 1308 733 1377 placida
751 1307 882 1362 laxabant
900 1308 1022 1362 membra
1040 1310 1134 1378 quiete

433 1381 491 1437 Sub
510 1384 593 1437 remis
610 1385 663 1438 fusi
682 1402 732 1453 per
751 1384 820 1437 dura
838 1384 935 1438 sedilia
952 1388 1065 1439 nautae:
1115 1439 1119 1444 ,

434 1458 503 1514 Cum
521 1460 588 1513 levis
607 1460 735 1514 aetheriis
755 1459 882 1529 delapsus
902 1461 1017 1515 Somnus
1034 1462 1069 1515 ab
1087 1462 1168 1516 astris

434 1538 511 1589 Aera
529 1535 642 1589 dimovit
660 1535 836 1590 tenebrosum
854 1540 883 1590 et
902 1536 1015 1605 dispulit
1033 1538 1150 1605 umbras,

404 1684 406 1688 Ι
433 1612 480 1677 Te,
500 1610 634 1680 Palinuro,
652 1616 756 1681 petens,
775 1612 827 1666 tibi
845 1614 950 1667 somnia
966 1614 1057 1667 tristia
1073 1617 1186 1683 portans

434 1687 558 1753 Insonti;
572 1688 711 1756 puppique
731 1689 798 1742 deus
816 1690 940 1743 consedit
957 1690 984 1743 in
1003 1690 1065 1758 alta,

434 1763 586 1821 Phorbanti
604 1764 706 1831 similis,
725 1765 872 1833 funditque
890 1765 940 1819 has
958 1783 1006 1820 ore
1024 1767 1158 1835 loquelas:

435 1839 528 1895 Iaside
546 1839 682 1909 Palinure,
701 1841 794 1895 ferunt
812 1841 872 1910 ipsa
890 1858 1010 1909 aequora
1028 1843 1155 1908 classem

434 1917 586 1986 Aequatae.
599 1916 704 1985 spirant
723 1934 820 1983 auree;
838 1917 921 1971 datur
939 1918 1006 1971 hora
1024 1919 1118 1987 quieti.

436 1993 511 2047 Pone
528 1996 618 2062 caput,
636 1994 777 2061 fossosque
796 1993 887 2047 oculos
905 1994 997 2046 furare
1016 1993 1111 2047 labori.

436 2071 501 2139 Ipse
519 2086 569 2137 ego
586 2068 724 2137 paulisper
740 2086 791 2137 pro
809 2072 839 2121 te
856 2072 906 2121 tua
922 2085 1035 2122 munera
1052 2068 1134 2124 inibo.

436 2146 487 2200 Cui
504 2144 550 2200 rix
568 2144 696 2198 attollens
714 2144 859 2197 Palinurus
878 2144 979 2197 lumina
996 2145 1083 2200 fatur:

436 2222 518 2276 Mene
536 2221 600 2275 salis
617 2220 716 2290 placidi
738 2221 838 2274 voltum
856 2219 1009 2289 fluctusque
1028 2220 1135 2290 quietos

437 2297 568 2367 Ignorarc
585 2297 679 2350 iubesl
697 2313 777 2349 mene
793 2295 856 2349 huic
876 2296 1013 2353 confidere
1032 2297 1171 2350 monstrol

437 2377 552 2428 Aenean
570 2372 680 2427 credam
699 2371 766 2441 quid
784 2370 856 2425 enim
875 2370 1016 2424 fallacibus
1034 2372 1107 2425 nuris

437 2449 475 2503 Et
492 2449 558 2503 caeli
577 2449 679 2504 totiens
697 2448 828 2518 deceptus
845 2447 944 2502 fraude
962 2447 1069 2503 serenii

437 2525 513 2579 'l'alia
529 2525 604 2579 dicta
622 2525 713 2592 dabat,
732 2524 892 2592 clarumque
910 2524 1006 2577 affixus
1024 2527 1053 2579 et
1070 2524 1188 2579 haerens

437 2600 580 2669 Nusquam
598 2601 751 2667 amittebat,
769 2600 914 2669 oculosque
933 2600 983 2653 sub
1002 2604 1077 2654 astra
1094 2600 1214 2655 tenebat.

437 2678 507 2732 Ecce
526 2677 594 2731 deus
611 2694 717 2730 ramum
736 2677 856 2730 Lethaeo
875 2694 937 2731 rore
955 2677 1111 2731 madentem

438 2754 529 2821 Vique
547 2756 704 2822 soporatum
723 2753 817 2821 Stygia
835 2769 919 2821 super
936 2757 1053 2822 utraque
1071 2758 1183 2821 quassat
1257 2766 1293 2805 see

437 2830 578 2899 Tempora,
597 2830 790 2898 cunctantique
808 2830 933 2884 natantia
950 2830 1053 2883 lumina
1071 2829 1159 2885 solvit.

437 2906 494 2959 Vix
512 2906 615 2975 primos
632 2906 743 2974 inopina
761 2906 838 2974 quies
858 2906 998 2959 laxaverat
1018 2908 1108 2959 artus:

437 2982 475 3037 Et
493 2982 733 3051 superincumbens
752 2998 813 3035 cum
831 2981 931 3050 puppis
950 2984 1030 3050 parte
1046 2981 1152 3035 revolsa

438 3058 563 3127 Cumque
580 3058 746 3127 gubernaclo
764 3056 884 3125 liquidas
902 3056 1019 3125 proiecit
1037 3057 1066 3109 in
1083 3056 1172 3111 undas

438 3134 621 3204 Praecipitem
640 3152 671 3188 ac
689 3134 774 3187 socios
791 3133 958 3201 nequiquam
977 3150 1058 3202 saepe
1075 3136 1230 3196 vocantem3
1258 3144 1294 3183 seo

440 3211 505 3281 Ipse
524 3211 618 3265 volans
635 3211 727 3266 tenuis
744 3226 774 3263 so
791 3209 904 3263 sustulit
921 3210 978 3263 ales
996 3208 1032 3262 ad
1050 3226 1136 3263 auras.

440 3286 534 3342 Currit
551 3287 606 3341 iter
624 3290 715 3341 tutum
733 3303 787 3340 non
805 3285 890 3339 setius
909 3301 1027 3354 aequore
1045 3285 1145 3353 classis,

440 3362 640 3431 Promissisque
658 3362 744 3431 patris
762 3362 886 3431 Neptuni
904 3361 1031 3415 interrita
1049 3362 1142 3415 fertur.

441 3440 556 3507 lamque
574 3438 643 3492 adeo
663 3437 785 3507 scopulos
804 3438 929 3491 Sirenum
948 3436 1063 3490 advecta
1082 3436 1205 3498 subibat„

440 3515 563 3568 Difficilis
580 3513 716 3583 quondam
734 3513 944 3584 multorumque
963 3513 1078 3569 ossitsus
1093 3510 1189 3574 albos,
1282 3512 1328 3546 *a

433 3589 500 3641 Turn
517 3606 602 3643 rauca
620 3590 740 3645 adsiduo
759 3592 847 3663 longe
864 3593 928 3649 sale
945 3608 1021 3649 saxa
1036 3585 1204 3643 sonabant:

421 3661 490 3714 ΟΜ]
505 3669 595 3732 pater
612 3667 718 3724 amisso
739 3669 917 3729 fluitantem
935 3684 1042 3727 errare
1059 3657 1216 3728 magistre
