3467 4367
694 646 905 698 GEORGIOON
922 648 992 699 LIB.
1012 649 1061 699 lv.
1279 650 1310 701 79

454 723 599 779 Taenarias
617 725 700 780 etiam
717 728 816 793 fauces,
835 727 892 782 alta
909 729 981 783 ostia
998 728 1078 798 Ditis,

453 800 491 855 Et
508 802 672 869 caligantem
689 803 768 872 nigra
786 804 932 859 formidine
949 805 1041 859 lucum

454 880 605 948 Ingressus,
625 878 771 949 Manisque
789 881 858 935 adiit
877 882 1036 950 Regemque
1053 883 1235 953 tremendum,

452 955 479 1009 N
481 957 607 1024 esciaque
624 956 750 1010 humanis
768 959 895 1027 precibus
914 975 1103 1013 mansuescere
1120 960 1210 1015 corda
1272 973 1310 1016 sto

453 1034 494 1087 At
511 1038 593 1088 cantu
610 1037 763 1088 commotas
783 1034 867 1089 Erebi
887 1036 922 1091 de
941 1033 1051 1089 sedibus
1068 1035 1130 1088 imis

453 1108 575 1164 Umbrae
591 1110 670 1165 ibant
688 1116 784 1166 tenues
803 1112 1003 1181 simulacraque
1021 1111 1081 1165 luce
1102 1116 1252 1180 carentum,

453 1187 541 1252 Quam
559 1188 646 1242 multa
663 1190 691 1242 in
709 1189 781 1243 foliis
799 1190 890 1244 avium
909 1206 939 1243 se
957 1189 1031 1242 milia
1048 1189 1175 1255 condunt,

455 1262 561 1332 Vesper
578 1263 626 1318 ubi
644 1270 693 1320 aut
710 1266 840 1320 hibernus
858 1267 917 1335 agit
936 1265 972 1320 de
989 1266 1128 1320 montibus
1145 1265 1240 1330 imber,

452 1338 557 1395 Matres
576 1345 659 1411 atque
677 1343 736 1411 viri,
755 1342 940 1413 defunctaque
958 1359 1072 1412 corpora
1089 1341 1146 1396 vita
1272 1354 1310 1395 sss

452 1416 656 1485 Magnanimum
675 1419 797 1489 heroum,
815 1421 894 1489 pueri
912 1420 1100 1488 innuptaeque
1117 1417 1231 1487 puellae,

452 1492 624 1562 Inpositique
642 1497 716 1564 rogis
734 1497 846 1551 iuvenes
863 1500 929 1551 ante
946 1512 995 1550 ora
1011 1499 1172 1565 parentum

452 1569 527 1634 Quos
543 1570 645 1624 circum
662 1571 743 1625 limus
760 1574 839 1641 niger
857 1576 887 1627 et
905 1572 1035 1627 deformis
1052 1569 1159 1625 arundo

453 1644 546 1713 Cocyti
563 1645 700 1717 tardaque
718 1649 797 1718 palus
814 1649 969 1703 inamabilis
986 1648 1060 1702 unda
1086 1711 1090 1718 ¹

452 1719 565 1790 Alligat,
583 1726 613 1777 et
631 1725 744 1779 noviens
762 1726 830 1794 Styx
849 1726 983 1780 interfusa
1002 1727 1118 1779 coercet.
1272 1736 1310 1775 ssu

452 1796 523 1861 Quin
540 1798 615 1867 ipsae
634 1803 764 1870 stupuere
783 1801 881 1856 domus
898 1805 984 1870 atque
1003 1802 1098 1855 intima
1116 1799 1180 1854 Leti

451 1872 568 1928 Tartara
586 1876 780 1946 caerulemqua
797 1877 924 1946 inplexae
942 1877 1063 1931 crinibus
1082 1876 1179 1944 anguis

451 1948 625 2020 Eumenides,
643 1954 788 2023 tenuitque
805 1955 913 2009 inhians
930 1956 985 2008 tria
1004 1952 1141 2007 Cerberus
1158 1967 1214 2018 ora,

452 2025 546 2095 Atque
565 2027 663 2083 Ixionii
682 2035 764 2084 vento
782 2035 843 2085 rota
860 2031 986 2084 constitit
1005 2028 1088 2084 orbis.

451 2100 566 2170 Iamque
583 2104 683 2173 pedem
701 2107 823 2159 referens
840 2122 919 2164 casus
937 2110 1062 2160 evaserat
1079 2104 1174 2171 omnis,
1272 2103 1310 2157 sse

451 2176 628 2249 Redditaque
646 2181 781 2251 Eurydice
799 2198 913 2251 superas
931 2181 1058 2234 veniebat
1077 2178 1113 2233 ad
1131 2195 1220 2245 auras,

452 2252 526 2309 Pone
567 2272 844 2327 sequena-namque
879 2257 949 2311 hanc
984 2256 1102 2312 dederat
1143 2254 1308 2322 Proserpina

520 2330 645 2400 legem-

450 2405 520 2461 Gum
540 2408 631 2463 subita
649 2410 789 2464 incautum
807 2410 948 2465 dementia
965 2409 1038 2478 cepit
1055 2410 1204 2475 amantem,

450 2480 622 2551 ignoscenda
640 2486 758 2554 quidem,
777 2488 879 2541 scirent
897 2488 921 2540 si
936 2487 1076 2555 ignoscere
1095 2484 1204 2538 Manes:

450 2558 573 2627 Restitit,
593 2562 802 2631 Eurydicenque
820 2580 905 2630 suam,
923 2563 978 2617 iam
995 2561 1056 2615 luce
1074 2559 1125 2615 sub
1142 2560 1209 2629 ipsa,
1272 2574 1309 2614 seo

449 2633 596 2703 Inmemor,
616 2639 684 2692 heu!
706 2640 849 2708 victusque
867 2638 950 2692 animi
968 2637 1095 2706 respexit
1132 2635 1177 2690 Ibi
1196 2634 1284 2689 omnis

448 2711 559 2766 Effusus
576 2713 662 2782 labor,
681 2718 766 2783 atque
783 2716 887 2769 inmitis
904 2717 986 2784 rupta
1003 2713 1110 2781 tyranni

450 2785 585 2856 Foedera,
606 2792 705 2859 terque
722 2791 817 2860 fragor
834 2791 938 2860 stagnis
955 2789 1066 2843 auditus
1085 2788 1210 2842 Auernis

448 2862 508 2929 Illa,
536 2865 603 2929 Quis
629 2868 659 2919 et
686 2883 738 2934 me,
765 2867 863 2937 inquit,
893 2867 1029 2932 miseram,
1058 2866 1088 2918 et
1117 2866 1147 2918 te
1175 2862 1308 2932 perdidit,

521 2939 640 3009 Orphea,

449 3015 517 3081 Quis
536 3020 629 3072 tantus
648 3019 741 3074 lirrori
760 3019 803 3073 En
821 3019 922 3072 iterum
941 3015 1064 3071 crudelia
1081 3018 1157 3070 retro
1273 3029 1309 3070 sae

449 3092 520 3146 Fata
537 3098 640 3160 vocant,
659 3094 808 3162 conditque
826 3094 950 3148 natantia
966 3093 1069 3146 lumina
1086 3108 1202 3147 somnus

450 3169 565 3238 Iamque
584 3171 657 3225 vale:
675 3171 750 3224 feror
767 3170 871 3239 ingenti
891 3168 1060 3224 circumdata
1076 3171 1165 3235 nocto,

449 3244 644 3316 Invalidasque
662 3246 715 3300 tibi
733 3247 857 3313 tendens,
878 3247 933 3299 heu
950 3263 1003 3299 non
1021 3249 1078 3312 tua,
1095 3244 1213 3313 palmas!

449 3320 536 3390 Dixit,
556 3328 585 3377 et
604 3341 638 3377 ex
658 3324 742 3377 oculis
761 3323 859 3391 subito,
878 3340 929 3377 ceu
946 3323 1037 3375 furnus
1055 3322 1082 3374 in
1100 3336 1180 3374 auras

449 3396 621 3454 Oommixtus
641 3400 739 3464 tenuis,
758 3399 828 3468 fugit
847 3399 964 3467 diversa,
982 3414 1072 3467 neque
1089 3396 1178 3462 illum,
1273 3410 1317 3447 arn

450 3473 629 3529 Prensautem
647 3476 816 3547 nequiquam
834 3475 950 3532 umbras
968 3479 1000 3532 et
1015 3474 1112 3529 multa
1124 3470 1278 3527 uolentem

439 3545 545 3614 Dicere,
562 3560 713 3618 praeterea
733 3554 821 3625 ridit3
837 3573 894 3613 nec
911 3556 1044 3629 portitor
1062 3550 1139 3609 Orci

428 3622 560 3704 Amplius
578 3625 720 3686 obiectam
738 3650 846 3703 passus
865 3636 1000 3693 mugire
1020 3629 1183 3707 paludem.

417 3691 494 3751 (Μ
509 3696 641 3759 smmi
658 3724 720 3777 (1¹10
738 3727 774 3768 se
795 3719 893 3789 rapta
909 3716 966 3773 bis
986 3714 1127 3782 coniuge
1145 3692 1274 3760 teneti

1343 3693 1375 3728 Ο
