3467 4367
714 622 899 674 annernos
916 602 986 673 Lm.
1005 623 1056 672 rx.
1073 608 1078 618 '
1261 627 1308 677 aa

457 699 574 754 Lumina
592 718 656 756 rara
672 703 790 768 micant3
807 720 903 759 somno
920 705 1037 776 vinoque
1055 705 1138 761 soluti

457 775 648 843 Procubuer03
665 780 750 833 silent
765 780 821 834 late
839 780 905 835 loca
942 782 1057 852 Percipe
1075 798 1164 852 porro,
1274 794 1312 835 1⁹⁰

457 852 530 917 Quid
548 853 681 922 dubitem,
700 860 729 910 ct
746 872 817 924 quae
835 874 907 911 nunc
924 858 1014 911 animo
1032 858 1169 913 sententia
1186 860 1291 927 surgat.

456 929 571 982 Aenean
589 932 670 984 acciri
688 948 789 999 omnes,
808 933 980 1002 populusque
997 938 1153 1003 patresque,

456 1004 621 1073 Exposcunt,
640 1008 769 1076 mittique
789 1009 869 1075 viros,
888 1008 935 1077 qui
948 1012 1029 1073 ,certa
1046 1011 1197 1078 reportent.

456 1080 492 1148 si,
510 1080 562 1135 tibi
579 1099 651 1151 quae
668 1100 757 1152 posco,
775 1084 1046 1152 promittunt-nam
1065 1084 1132 1139 mihi
1150 1083 1215 1138 facti

455 1156 541 1213 Fama
558 1164 601 1214 sat
618 1160 811 1227 est-tumulo
828 1160 925 1214 videor
943 1161 1065 1229 reperire
1083 1161 1135 1214 sub
1153 1161 1201 1214 illo
1272 1174 1308 1214 res

455 1232 540 1288 Posse
557 1236 629 1290 viam
647 1237 684 1290 ad
701 1253 794 1291 muros
811 1239 841 1291 et
859 1236 966 1291 moenia
985 1236 1133 1292 Pallantea.

455 1308 598 1380 Obstipuit
615 1329 713 1381 magno
731 1313 843 1367 laudum
860 1328 1007 1382 percussus
1024 1329 1116 1366 amore

455 1384 602 1455 Euryalum
621 1389 700 1442 simul
718 1389 762 1442 his
779 1388 924 1442 ardentem
941 1389 1053 1443 adfatur
1071 1389 1201 1443 amicum:

454 1460 537 1517 Mene
554 1464 639 1532 igitur
656 1465 758 1518 socium
777 1465 891 1519 summis
908 1464 1058 1532 adiungere
1075 1463 1164 1530 rebus,

453 1536 528 1606 Nise,
545 1538 634 1606 fugis'l
652 1540 739 1593 solum
758 1544 787 1595 te
804 1540 833 1593 in
850 1543 930 1594 tanta
946 1539 1068 1609 pericula
1085 1539 1210 1595 mittaml
1269 1554 1306 1593 sco

453 1612 480 1665 N
481 1630 516 1667 on
533 1615 573 1667 ita
589 1632 634 1669 me
650 1617 765 1684 genitor,
784 1616 865 1670 bellis
882 1616 1014 1670 adsuetus
1033 1614 1173 1685 Opheltes,

453 1689 613 1757 Argolicum
631 1695 766 1747 terrorem
783 1693 857 1747 inter
875 1692 1027 1761 Troiaeque
1045 1691 1151 1746 labores

452 1764 597 1820 Sublatum
615 1768 733 1833 erudiit;
750 1784 802 1823 nec
819 1772 912 1823 tecum
930 1768 996 1822 talia
1013 1768 1094 1838 gessi,

451 1841 658 1910 Magnanimum
677 1847 791 1899 Aenean
809 1849 839 1900 et
855 1845 914 1899 fata
932 1849 1057 1899 extrema
1075 1847 1199 1899 secutus:

451 1917 503 1971 Est
519 1918 571 1986 hic,
589 1924 633 1975 est
649 1922 756 1975 animus
773 1921 841 1975 lucis
859 1924 1039 1990 contemptor,
1059 1924 1088 1975 et
1105 1921 1190 1975 istum
1267 1934 1305 1974 cos

451 1994 504 2058 Qui
523 1994 580 2048 vita
596 1995 667 2050 bene
684 1998 781 2051 credat
798 1997 861 2063 emi,
880 2014 935 2065 quo
953 1996 1052 2065 tendis,
1070 1996 1211 2051 honorem.

450 2068 534 2123 Nisus
551 2071 588 2123 ad
605 2071 687 2126 haec:
705 2072 841 2141 Equidem
859 2073 895 2127 de
913 2076 942 2127 te
959 2072 998 2125 nil
1016 2072 1072 2127 tale
1089 2070 1211 2137 verebar,

450 2142 476 2195 N
478 2161 509 2198 ee
526 2145 582 2211 fas3
600 2164 666 2201 non:
683 2147 724 2201 ita
741 2164 785 2201 me
802 2148 906 2202 referat
923 2146 976 2201 tibi
994 2164 1109 2215 magnus
1127 2149 1256 2200 ovantem

450 2219 585 2289 Iuppiter,
603 2225 652 2276 aut
670 2222 833 2291 quicumque
851 2223 935 2278 oeulis
952 2222 1020 2276 haec
1038 2222 1136 2291 aspicit
1153 2222 1257 2291 aequis.

450 2294 506 2347 Sed
523 2295 546 2349 si
564 2297 730 2366 quis-quae
747 2298 834 2352 multa
851 2298 929 2352 vides
947 2298 1103 2352 discrimine
1122 2298 1205 2353 tali-
1264 2314 1302 2354 210

449 2369 478 2422 si
497 2371 558 2438 quis
577 2372 604 2425 in
622 2373 769 2426 adversum
786 2374 877 2442 rapiat
894 2390 1007 2427 casusve
1025 2373 1133 2439 deusve,

449 2445 487 2499 Te
505 2463 648 2515 superesse
666 2448 763 2515 velim;
781 2452 830 2503 tua
847 2450 905 2505 vita
923 2449 1032 2518 dignior
1050 2454 1133 2504 aetas.

448 2521 498 2589 Sit,
517 2523 564 2591 qui
581 2541 626 2578 me
643 2527 754 2593 raptum
771 2542 863 2594 pugna
880 2526 1004 2594 pretiove
1021 2525 1196 2595 redemptum

447 2597 564 2653 Mandat
580 2600 670 2667 humo,
689 2601 770 2656 solita
785 2606 835 2656 aut
852 2602 876 2655 si
895 2602 996 2671 quaid
1014 2603 1124 2657 fortuna
1142 2602 1256 2669 vetabit,

448 2674 567 2729 Absenti
583 2676 656 2731 ferat
673 2677 793 2745 inferias,
811 2678 978 2747 decoretque
996 2677 1147 2747 sepulchro.
1263 2693 1300 2733 215

446 2751 472 2802 N
474 2768 509 2804 eu
526 2754 609 2807 matri
627 2754 745 2808 miserae
762 2756 834 2810 tanti
855 2755 907 2809 sim
925 2771 1020 2809 caussa
1038 2754 1148 2822 doloris,

446 2828 523 2891 Quae
539 2831 569 2883 te
588 2829 652 2897 sola,
670 2846 748 2898 puer,
765 2831 860 2885 multis
878 2848 893 2885 e
911 2830 1046 2884 matribus
1063 2848 1130 2884 ausa

446 2904 632 2974 Persequitur,
650 2906 742 2974 magni
759 2923 810 2961 nec
828 2907 935 2961 moenia
952 2908 1031 2960 curat
1050 2908 1177 2959 Acestae.

446 2980 498 3034 llle
514 2985 622 3036 autem:
641 2982 758 3037 caussas
775 2982 944 3051 nequiquam
962 2982 1049 3035 nectis
1066 2980 1161 3049 inanis,

445 3055 503 3110 Nec
520 3074 581 3111 mea
598 3057 654 3112 iam
671 3061 779 3112 mutata
797 3058 855 3112 loco
875 3058 1011 3112 sententia
1028 3056 1112 3110 cedit.
1260 3075 1298 3114 sao

444 3132 648 3203 Adceleremus,
667 3134 714 3189 ait.
751 3135 857 3203 Vigiles
875 3134 956 3188 simul
974 3133 1085 3201 excitat.
1121 3132 1168 3187 Illi

443 3206 599 3265 Succedunt
615 3214 781 3280 servantque
799 3211 886 3276 vices3
904 3210 1022 3265 statione
1039 3209 1136 3263 relicta

444 3283 508 3351 Ipso
525 3302 616 3341 eomes
634 3288 702 3341 Niso
719 3287 854 3355 graditur,
872 3303 1021 3356 regemque
1039 3286 1192 3355 requirunt
1257 3353 1261 3360 .

478 3359 578 3414 Cetera
593 3379 644 3431 per
661 3367 751 3419 terras
769 3365 856 3419 omnis
873 3364 1000 3417 animalia
1018 3379 1112 3417 somno
1162 3359 1251 3401 ο]

443 3434 586 3491 Laxabant
603 3455 682 3492 curas
700 3444 731 3494 et
748 3441 832 3495 corda
849 3441 936 3494 oblita
953 3440 1091 3494 laborum:

441 3510 578 3565 Ductores
595 3513 727 3570 Teucrum
746 3517 838 3589 primi,
855 3517 970 3574 delecta
984 3518 1134 3579 iuuentus,

434 3586 582 3641 Consilium
601 3593 718 3648 summis
738 3596 824 3667 regni
842 3597 994 3654 derebus
1004 3590 1175 3651 nandum&

421 3659 649 3778 Qui‘ssgmfflflla
670 3672 774 3740 quisve
796 3679 926 3734 Aeneae
941 3676 1010 3732 ium
1024 3670 1160 3728 nuntius
1176 3652 1272 3713 esset
