3467 4367
461 642 492 687 al
690 638 722 688 P.
740 637 896 687 VERGILI
913 638 1079 689 MARONIS

462 723 558 775 Incutc
576 721 630 774 vim
648 721 737 775 ventis
755 720 965 790 submersasque
982 723 1069 778 obrue
1086 724 1195 794 puppis,

462 799 521 853 Aut
538 815 589 865 age
606 798 728 851 diversos
746 802 775 851 et
793 798 887 852 disiice
903 801 1018 867 corpora
1035 803 1127 869 ponto.
1297 816 1321 860 aa

461 875 532 930 Sunt
548 874 615 928 mihi
632 874 674 927 bis
692 877 798 943 septem
816 876 970 943 praestanti
988 891 1102 945 corpore
1119 876 1275 950 Nymphae,

462 952 583 1017 Quarum
602 967 671 1020 quac
688 951 776 1003 forma
794 950 978 1017 pulcherrima
995 951 1125 1021 Deiopea,

462 1027 603 1083 (lonnubio
620 1028 730 1095 iungam
749 1025 841 1079 stabili
859 1027 1052 1095 propriamque
1069 1026 1175 1097 dicabo,

462 1105 558 1159 Omnis
574 1109 606 1158 ut
624 1108 714 1157 tecum
732 1102 838 1155 meritis
855 1119 907 1171 pro
924 1103 1026 1156 talibus
1044 1119 1129 1158 anuos

461 1181 562 1250 Exiget
580 1185 610 1235 et
626 1178 740 1249 pulchra
757 1178 839 1232 faciat
856 1181 886 1231 te
904 1177 981 1247 prole
999 1183 1148 1248 parentem
1297 1199 1322 1240 rs

498 1257 602 1311 Aeolus
618 1257 687 1309 hacc
704 1259 813 1309 eontra:
832 1255 914 1322 Tuus,
933 1271 949 1308 o
968 1256 1069 1324 regina,
1087 1256 1156 1325 qnid
1172 1260 1264 1328 optes,

462 1333 613 1402 Explorare
630 1333 721 1396 labor;
738 1331 804 1385 milu
820 1332 895 1385 iussa
912 1347 1055 1400 capessere
1071 1332 1112 1387 las
1129 1336 1180 1388 est

462 1410 503 1464 'In
520 1410 593 1476 milri,
611 1409 801 1479 quodcumque
819 1407 871 1460 hoc
889 1408 974 1475 regni,
984 1412 1023 1461 'tu
1041 1411 1150 1478 sceptra
1168 1410 1323 1480 Iovemque

462 1486 603 1553 concilias,
621 1490 653 1539 tu
671 1484 721 1537 das
739 1483 826 1552 epulis
844 1484 1004 1538 accumbere
1022 1484 1121 1553 divom,

462 1562 677 1629 Nimborumque
695 1560 761 1613 lacis
778 1563 1028 1629 tempestatumque
1045 1563 1194 1629 potentem.
1298 1579 1323 1619 eo

497 1639 575 1693 Haec
592 1637 640 1692 ubi
658 1638 738 1704 dicta,
756 1653 852 1691 cavum
870 1653 1002 1691 conversa
1020 1637 1133 1707 cuspide
1149 1643 1274 1696 montem

463 1715 568 1785 Inpulit
584 1715 614 1768 in
631 1715 718 1768 latus:
737 1729 769 1766 ac
786 1713 868 1781 venti,
886 1712 962 1768 velut
980 1713 1089 1781 agmine
1105 1715 1184 1781 tacto,

463 1791 523 1856 Qua
541 1792 608 1846 data
625 1793 713 1859 porta,
733 1792 817 1843 ruunt
834 1794 863 1843 et
882 1791 972 1843 terras
989 1789 1100 1843 turbine
1116 1790 1245 1854 perflant

463 1867 616 1921 Incubuere
633 1866 711 1931 mari,
730 1870 874 1934 totumque
891 1882 909 1919 a
926 1865 1038 1919 sedibus
1054 1866 1115 1920 imis

462 1942 524 1997 Una
543 1944 686 2012 Eurumque
704 1942 849 2009 Notusque
867 1945 951 1995 ruunt
968 1942 1118 2012 creberque
1135 1944 1266 2005 procellis
1296 1961 1322 1999 so

463 2019 579 2085 Africus,
598 2023 627 2072 et
645 2022 737 2071 raetos
755 2018 866 2071 volvunt
884 2017 920 2070 ad
937 2017 1018 2072 litora
1035 2018 1141 2075 fluctu.

463 2095 622 2164 Insequitur
638 2094 794 2161 clamorque
812 2094 900 2147 virum
919 2095 1075 2164 stridorque
1092 2096 1264 2153 rudentum.'

463 2172 590 2241 Eripiunt
608 2170 699 2226 subito
716 2171 803 2224 nubes
822 2171 982 2240 caelumque
999 2172 1126 2241 diemque

462 2248 626 2303 Teucrorum
645 2265 679 2302 ex
698 2247 799 2313 ocidis3
816 2251 902 2315 ponto
920 2264 974 2301 nox
992 2248 1104 2303 incubat
1120 2252 1187 2303 atra

463 2325 612 2379 Intonuere
630 2325 692 2393 poli,
712 2328 741 2378 et
757 2323 860 2378 crebris
879 2324 963 2378 micat
980 2324 1090 2393 ignibus
1107 2325 1211 2394 aether,
1297 2342 1322 2382 ao

463 2402 694 2469 Praesentemque
712 2401 776 2453 viris
793 2400 934 2455 intentant
952 2402 1041 2454 omnia
1057 2405 1182 2455 mortem

462 2478 607 2547 Extemplo
626 2480 738 2531 Aeneae
756 2476 901 2530 solvuntur
918 2476 1022 2545 frigore
1040 2477 1177 2544 membra3

463 2554 590 2624 Ingemit,
607 2557 636 2609 et
655 2552 769 2621 duplicis
788 2554 907 2609 tendens
924 2555 960 2607 ad
979 2554 1070 2608 sidera
1086 2554 1190 2624 palmas

462 2630 537 2684 Talia
554 2648 619 2685 vooe
637 2631 736 2684 refert:
755 2630 779 2682 0
798 2634 897 2699 terque
916 2634 1069 2699 quaterque
1086 2629 1169 2698 beati,

462 2706 529 2769 Quis
546 2711 610 2760 ante
628 2722 676 2759 ora
692 2710 803 2774 patrum
821 2707 918 2761 Troiae
936 2707 987 2761 sub
1005 2706 1146 2760 moenibus
1163 2704 1229 2759 altis
1295 2720 1321 2761 at

445 2782 584 2849 ,Contigit
601 2782 744 2851 oppetere!
763 2800 780 2836 o
799 2783 923 2837 Danaum
941 2783 1089 2838 fortissime
1105 2781 1196 2847 gentis

462 2857 580 2926 Tydidcl
600 2875 679 2911 mene
699 2859 790 2912 Iliacis
808 2859 969 2915 occumbere
987 2858 1090 2928 campis

461 2934 487 2987 N
490 2952 525 2987 on
542 2935 663 3002 potuisse
682 2938 785 3004 tuaque
803 2937 922 2989 animam
940 2935 1011 2988 hanc
1028 2935 1170 2989 effundere
1187 2934 1298 3004 dextre

462 3010 563 3065 Saevus
580 3011 627 3064 ubi
646 3011 786 3066 Aeacidae
804 3012 860 3066 telo
879 3012 952 3065 iacet
971 3012 1085 3081 Hector,
1102 3011 1151 3065 ubi
1168 3011 1267 3079 ingens

461 3086 609 3155 Sarpedon,
628 3088 675 3141 ubi
693 3091 737 3143 tot
757 3088 854 3143 Simois
872 3091 1000 3156 correpta
1018 3087 1069 3141 sub
1086 3088 1166 3142 undis
1285 3103 1322 3143 roo

461 3163 545 3217 Scuta
561 3164 648 3217 virum
666 3166 813 3235 galeasque
833 3170 862 3219 et
880 3165 963 3218 fortia
982 3181 1096 3232 corpora
1113 3163 1214 3219 volvitl

495 3241 570 3295 Talia
587 3242 700 3296 iactanti
719 3242 839 3297 stridens
860 3242 998 3310 Aquilone
1016 3240 1134 3309 procella

461 3316 561 3370 Vclum
579 3319 696 3372 advorsa
713 3321 786 3386 ferit,
805 3319 959 3385 fluctusque
978 3319 1015 3371 ad
1033 3317 1124 3371 sidera
1142 3316 1222 3371 tollit.

462 3393 636 3463 Franguntur
653 3398 739 3461 remi3
756 3400 816 3449 tum
834 3411 916 3464 prora
933 3396 1043 3463 avertit,
1063 3397 1092 3447 ct
1109 3392 1189 3446 undis

452 3468 609 3537 Deciatum
618 3473 779 3541 insequitur
787 3471 896 3526 cumulo
908 3474 1077 3541 praeruptus
1083 3486 1172 3537 aquae
1180 3485 1266 3525 mons
1284 3484 1321 3525 iot

433 3540 482 3591 Hi
494 3562 606 3601 summo
622 3550 653 3603 in
674 3551 766 3606 ductu
784 3551 934 3619 pendent,
948 3550 999 3604 his
1013 3548 1096 3602 unda
1112 3545 1261 3597 dediscens

415 3611 537 3698 Terram
556 3624 640 3680 inter
658 3629 769 3685 ductus
788 3630 913 3702 aperit3
931 3628 1008 3683 furit
1025 3625 1125 3680 aestus
1142 3616 1247 3669 maffia

396 3678 468 3740 a„
482 3692 587 3755 norm
607 3705 762 3779 abreptas
783 3711 818 3768 in
842 3725 921 3768 saxa
939 3703 1073 3763 nuntia
1091 3689 1251 3758 niquet-
