3467 4367
686 627 870 677 AENEIDOS
887 626 956 677 LIB.
974 628 1009 675 X.
1096 659 1100 667 ·
1233 634 1280 683 283

430 707 527 761 Mente
545 707 634 774 dares,
652 710 736 775 atque
754 708 822 761 baec
840 709 931 762 Turno
949 714 1011 763 rata
1029 709 1086 764 vita
1103 714 1245 767 maneret?

431 783 456 835 N
458 799 511 836 unc
528 786 621 837 manet
638 783 774 837 insontem
791 786 883 851 gravis
901 786 1006 850 exitus3
1024 789 1073 839 aut
1087 803 1137 854 ego
1151 789 1211 841 veri
1245 804 1282 843 oso

431 859 511 913 Vana
526 858 607 913 feror.
645 859 725 924 Quod
743 864 775 914 ut
792 878 808 913 o
826 862 917 929 potius
935 862 1079 918 formidine
1096 863 1166 917 salsa

431 935 532 1003 Ludar,
551 938 580 989 et
597 934 627 989 in
644 936 742 990 melius
758 940 815 1004 tua,
834 937 881 1006 qui
898 941 984 1006 potes,
1002 955 1065 991 orsa
1082 940 1224 995 reflectas!

432 1011 509 1064 Haec
527 1010 575 1065 ubi
593 1011 669 1066 dicta
686 1013 772 1079 dedit,
790 1013 865 1066 caelo
883 1030 913 1067 se
930 1014 1055 1082 protinus
1073 1015 1128 1069 alto

431 1086 516 1154 Misit,
535 1105 620 1156 agens
637 1088 756 1143 hiemem
773 1089 866 1143 nimbo
885 1091 1022 1144 succincta
1039 1109 1088 1160 per
1105 1108 1194 1161 auras,

432 1163 600 1233 Iliacamque
618 1165 705 1219 aciem
724 1169 753 1220 et
771 1166 920 1219 Laurentia
937 1170 1028 1220 castra
1045 1168 1152 1235 petivit.
1244 1182 1281 1220 oss

431 1239 500 1292 'lum
518 1240 571 1295 dea
588 1242 661 1295 nube
678 1259 744 1296 aava
761 1246 872 1295 tenuem
890 1242 949 1295 sine
966 1242 1070 1296 viribus
1086 1242 1212 1297 umbram

432 1316 467 1369 In
483 1316 581 1371 faeiem
600 1319 806 1373 Aeneae—visu
823 1318 948 1372 mirabile
966 1322 1152 1373 monstrum-

431 1392 578 1447 Dardaniis
595 1399 676 1449 ornat
693 1396 762 1462 telis,
780 1395 953 1464 clipeumque
969 1394 1104 1462 iubasque

432 1468 524 1524 Divini
541 1470 690 1525 adsimulat
707 1470 812 1540 eapitis,
832 1470 881 1523 dat
899 1470 990 1524 inania
1007 1470 1099 1537 verba,

432 1545 488 1599 Dat
506 1546 565 1600 sine
577 1550 670 1600 mente
685 1563 788 1614 sonum,
802 1563 967 1615 gressusque
983 1546 1088 1615 effingit
1106 1545 1211 1601 euntis:
1245 1561 1282 1599 oso

431 1621 524 1676 Morte
542 1619 618 1676 obita
635 1622 724 1691 qualis
741 1622 812 1676 fama
830 1626 874 1676 est
892 1623 1006 1677 volitare
1024 1623 1134 1691 figuras,

433 1699 494 1750 Aut
512 1714 582 1766 quae
600 1699 703 1768 sopitos
720 1697 855 1753 deludunt
873 1699 977 1753 somnia
994 1715 1097 1753 sensus.

433 1773 474 1827 At
491 1774 593 1843 primas
610 1775 683 1829 laeta
700 1778 764 1829 ante
781 1776 853 1829 acies
872 1776 992 1831 exsultat
1009 1776 1107 1845 imago,

432 1850 589 1920 Inritatquc
606 1852 694 1906 virum
712 1851 775 1906 telis
793 1855 822 1907 ct
839 1869 905 1907 voce
922 1851 1039 1908 lacessit.

431 1925 523 1984 Instat
540 1926 584 1981 cui
603 1928 716 1997 Turnus,
734 1928 953 1997 stridentemque
971 1929 1077 1983 eminus
1094 1928 1203 1983 hastam
1245 1941 1282 1981 ses

432 2002 565 2069 (louiicit3
582 2004 635 2057 ill'a
652 2004 717 2058 dato
735 2005 820 2058 vertit
836 2005 954 2072 vestigia
971 2009 1058 2073 tergo.

432 2079 501 2132 'lum
518 2095 584 2132 vero
601 2079 716 2133 Aenean
732 2096 858 2133 aversum
875 2083 908 2133 ut
926 2080 1025 2133 cedere
1043 2079 1150 2132 Turnus
1300 2143 1306 2156 .

433 2154 566 2221 Credidit,
583 2158 668 2221 atque
685 2154 775 2208 animo
792 2171 869 2222 spem
887 2154 1016 2208 turbidus
1033 2153 1126 2207 hausit
1142 2154 1264 2206 inanem:

434 2229 493 2291 Quo
510 2229 590 2296 fugis,
609 2229 721 2283 Aeneal
739 2229 874 2283 thalamos
892 2246 927 2282 ne
945 2229 1042 2282 desere
1059 2232 1170 2297 pactos;

434 2302 495 2357 Hac
513 2303 625 2358 dabitur
642 2303 741 2359 dextra
758 2303 840 2358 tellus
858 2304 983 2374 quaesita
1000 2320 1051 2373 per
1068 2303 1164 2357 undas.
1247 2318 1283 2356 aso

405 2378 407 2382 ’
433 2380 509 2433 Talia
526 2379 677 2434 vociferans
694 2380 826 2448 sequitur,
844 2380 1026 2447 strictumque
1043 2383 1168 2434 coruscat

433 2455 607 2521 Macronem
625 2472 676 2509 nec
692 2456 765 2510 ferre
782 2456 857 2510 videt
876 2472 925 2509 sua
941 2456 1043 2524 gaudia
1059 2458 1163 2510 ventos.

434 2531 519 2585 Forte
536 2532 603 2585 ratis
620 2532 685 2585 celsi
703 2533 846 2587 coniuncta
864 2532 1005 2602 crepidine
1023 2532 1080 2587 saxi

433 2608 571 2676 Expositis
589 2608 682 2662 stabat
699 2609 778 2662 scalis
795 2614 825 2663 et
842 2613 926 2678 ponte
943 2613 1047 2677 parato,

434 2684 494 2748 Qua
511 2700 560 2737 rex
579 2684 695 2738 Clusinis
712 2684 842 2739 advectus
861 2685 971 2739 Osinius
989 2686 1051 2739 oris.
1248 2697 1286 2737 ess

434 2760 498 2814 Huc
515 2778 576 2814 sese
595 2761 702 2830 trepida
720 2764 830 2816 Aeneae
847 2762 978 2830 fugientis
995 2762 1085 2828 imago

434 2836 550 2891 Coniicit
566 2837 595 2890 in
613 2837 748 2903 latebras;
765 2855 815 2891 nec
832 2839 939 2892 Turnus
957 2837 1066 2905 segnior
1083 2836 1177 2901 instat,

434 2913 643 2982 Exsuperatque
660 2929 758 2981 moras,
774 2916 806 2967 'et
823 2914 914 2983 pontis
931 2913 1050 2967 transilit
1068 2911 1144 2964 altos

433 2989 489 3042 Vix
506 3007 616 3059 proram
634 2990 779 3058 attigerat:
797 2990 902 3058 rumpit
920 2988 1048 3044 Saturnia
1065 2987 1167 3053 funem,

435 3066 620 3136 Avolsamque
637 3066 711 3135 rapit
728 3066 853 3120 revoluta
870 3082 921 3134 per
937 3082 1057 3133 aequora
1075 3078 1178 3116 navem.
1250 3076 1287 3115 mo

435 3140 517 3195 Illum
535 3147 628 3196 autem
646 3145 756 3196 Aeneas
772 3142 915 3195 absentem
932 3141 960 3194 in
978 3140 1083 3210 proclia
1099 3136 1202 3206 poscit:
1246 3194 1249 3196 Α

435 3215 523 3270 Obvia
540 3219 627 3272 multa
645 3218 733 3272 virum
752 3218 875 3272 demittit
893 3233 1005 3285 corpora
1023 3214 1113 3269 morti.

435 3291 504 3345 'lum
520 3292 587 3347 levis
604 3294 679 3347 haud
696 3295 770 3348 ultra
787 3294 907 3348 latebras
925 3294 978 3347 iam
997 3292 1106 3361 quaerit
1123 3289 1222 3358 imago,

435 3366 492 3420 Sed
510 3368 625 3422 sublime
642 3369 735 3423 volans
752 3370 820 3425 nubi
836 3388 867 3425 se
885 3370 1021 3424 inmiscuit
1039 3373 1130 3423 atrae:

435 3443 506 3497 (lum
524 3443 643 3497 Turnum
661 3448 751 3500 medio
769 3447 876 3501 interea
893 3448 948 3501 fert
965 3462 1083 3515 aequore
1100 3441 1194 3497 turbo.
1251 3455 1295 3490 sss

392 3558 396 3565 .
435 3518 561 3588 Respicit
578 3520 689 3585 ignarus
706 3538 800 3577 rerum
816 3523 1005 3594 ingratusque
1022 3520 1139 3581 salutis,

429 3595 469 3647 Et
485 3594 602 3663 duplicis
620 3612 683 3651 cum
702 3615 771 3655 voce
788 3619 896 3657 manus
913 3600 955 3657 ad
972 3600 1077 3653 sidera
1089 3586 1214 3647 baffi*

421 3668 606 3739 Omnipotens
622 3675 753 3747 genitor,
769 3680 885 3737 tantari
908 3695 961 3735 me
981 3672 1112 3731 camme
1132 3660 1269 3721 &ww
