3467 4367
656 636 840 685 45551555
857 636 925 685 nra.
944 636 995 687 rr.
1212 622 1261 690 555

412 718 571 773 Conclamat
587 717 686 772 Nisus:
710 734 761 771 nec
778 734 808 771 so
826 716 917 771 celare
933 717 1057 773 tenebris
1171 781 1172 785 η
1223 733 1261 774 455

412 793 547 861 Amplius,
565 795 615 846 aut
632 794 741 859 tantum
758 791 851 859 potuit
867 792 991 862 perferre
1009 793 1144 849 dolorem:

412 869 467 936 Me,
485 885 537 935 me,
554 868 661 935 adsum,
679 867 727 935 qui
744 866 805 934 feci,
823 867 850 919 in
868 884 913 922 me
931 869 1081 923 convertite
1099 870 1211 938 ferrum,

412 945 436 998 Ο
457 945 566 999 Rutuli!
592 961 654 997 mea
671 943 746 996 fraus
764 943 866 1009 omuis;
889 944 957 997 nihil
975 945 1028 998 iste
1045 962 1095 999 nec
1113 962 1203 1015 ausus,

412 1020 438 1073 N
440 1037 472 1075 ec
488 1020 595 1089 potuit;
618 1019 723 1073 caelum
741 1018 792 1072 hoc
810 1022 840 1072 et
857 1020 963 1073 conscia
981 1020 1072 1074 sidera
1089 1024 1192 1088 testor;

412 1097 530 1150 Tantum
547 1095 683 1150 infelicem
701 1095 816 1148 nimium
834 1094 934 1149 dilexit
951 1096 1075 1151 amicum.
1225 1111 1262 1151 455

411 1172 487 1226 ’15115
505 1172 579 1225 dicta
597 1171 697 1236 dabat3
721 1170 772 1224 sed
789 1169 895 1223 viribus
912 1170 984 1225 ensis
1002 1173 1116 1227 adactus

412 1246 567 1301 'l'ransabiit
584 1251 674 1301 costas
692 1249 721 1300 et
738 1244 855 1300 candida
871 1249 984 1314 pectora
1001 1249 1112 1316 rumpit.

416 1322 540 1376 Volvitur
558 1323 691 1390 Euryalus
709 1322 773 1388 leto,
791 1320 974 1391 pulchrosque
991 1339 1042 1392 per
1059 1327 1135 1379 artus

413 1398 443 1451 It
457 1415 544 1465 cruor,
562 1398 645 1466 inque
662 1398 791 1451 humeros
808 1397 900 1451 cervix
917 1396 1045 1466 conlapsa
1062 1398 1210 1454 recumbit:

413 1474 570 1543 Purpureus
587 1473 674 1527 veluti
691 1489 753 1527 cum
771 1473 822 1526 llos
839 1473 959 1528 succisus
976 1477 1070 1527 aratro
1226 1490 1262 1529 455

412 1549 577 1617 languescit
595 1549 719 1613 moriens,
736 1548 842 1602 lassove
860 1564 997 1617 papavera
1014 1549 1083 1603 collo

413 1626 555 1678 Demisere
573 1628 662 1693 caput,
681 1625 773 1693 pluvia
790 1641 853 1678 cum
870 1625 942 1678 forte
959 1630 1115 1693 gravantur.

413 1703 453 1756 At
471 1701 554 1755 Nisus
572 1701 629 1755 ruit
646 1700 675 1753 in
693 1701 805 1769 medios,
824 1701 966 1769 solumque
983 1718 1033 1769 per
1051 1703 1139 1757 omnis

413 1778 586 1831 Volsceutem
604 1778 691 1846 petit;
714 1777 742 1831 in
757 1777 818 1836 solo
838 1776 986 1831 Volscente
1003 1782 1133 1833 moratur.

412 1854 499 1918 Quem
523 1854 623 1907 circum
647 1854 803 1922 glomerati¹
815 1853 909 1907 hostes
931 1853 993 1907 hinc
1009 1856 1161 1910 comminus
1178 1864 1263 1925 atque

480 1930 544 1983 hinc
1226 1946 1263 1984 440

413 2004 588 2059 Proturbant
626 2006 717 2058 Instat
734 2021 787 2057 non
806 2003 900 2070 setius,
918 2020 950 2057 ac
967 2007 1043 2057 rotat
1058 2021 1151 2059 ensem

413 2079 595 2147 Fulmineum,
612 2079 700 2132 donec
720 2078 815 2132 Rutuli
834 2077 979 2131 clamantis
996 2079 1024 2130 in
1043 2095 1090 2131 ore

413 2155 545 2208 Condidit
561 2154 684 2220 adverso,
702 2157 732 2206 et
750 2152 868 2205 moriens
885 2153 1004 2205 animam
1022 2153 1136 2208 abstulit
1153 2154 1234 2210 hosti.

413 2229 481 2282 Tum
500 2246 582 2298 super
599 2228 754 2281 exanimum
773 2242 834 2280 sese
850 2227 967 2295 proiecit
985 2228 1101 2281 amicum

413 2305 566 2370 Confessus,
584 2303 746 2373 placidaque
763 2302 803 2355 ibi
821 2302 932 2355 demum
950 2305 1039 2357 morte
1056 2304 1168 2372 quievit.
1227 2320 1264 2361 445

449 2380 592 2434 Fortunati
611 2379 706 2433 ambo!
728 2381 751 2431 si
770 2378 837 2447 quid
856 2393 917 2430 mea
934 2378 1055 2432 carmina
1071 2387 1193 2449 possunt,

413 2455 497 2509 Nulla
515 2456 575 2509 dies
593 2471 722 2523 umquam
740 2455 855 2508 memori
875 2468 922 2506 vos
940 2453 1043 2508 eximet
1060 2472 1134 2524 sevo,

412 2532 486 2585 Dum
505 2532 602 2585 domus
621 2534 733 2585 Aeneae
751 2530 868 2598 Capitoli
888 2528 1017 2584 inmobile
1035 2547 1131 2585 saxum
1239 2535 1244 2552 ⁸
1277 2529 1283 2542 “

413 2609 535 2673 Accolet,
553 2608 743 2677 inperiumque
760 2609 842 2675 pater
861 2605 1000 2659 Romanus
1017 2606 1138 2663 habebit.

447 2686 575 2739 Victores
592 2683 697 2753 praeda
715 2682 811 2736 Rutuli
830 2682 978 2751 spoliisque
995 2684 1085 2752 potiti,
1226 2702 1264 2741 455

412 2761 588 2816 Volsceutem
606 2760 761 2815 exanimum
779 2759 879 2813 flentes
897 2758 925 2811 in
943 2765 1033 2813 costra
1050 2760 1186 2817 ferebant.

412 2837 437 2890 N
440 2856 471 2893 ec
487 2839 576 2892 minor
594 2838 622 2891 in
640 2837 737 2891 castris
756 2835 851 2889 luctus
867 2835 1022 2889 Rhamnete
1039 2840 1150 2903 reperto

412 2914 552 2983 lesangui
570 2919 599 2969 et
616 2913 712 2983 primis
731 2929 785 2966 uua
802 2914 846 2966 tot
863 2910 948 2965 caede
966 2911 1125 2980 peremptis,

411 2990 583 3061 Serranoque
601 2991 755 3057 Numaque.
793 2988 896 3055 Ingens
914 3002 1059 3040 concursus
1077 2988 1112 3040 ad
1129 2989 1190 3057 ipsa

412 3067 533 3136 Corpora
551 3066 749 3134 seminecisque
767 3065 840 3119 viros
857 3062 1007 3132 tepidaque
1025 3068 1162 3119 recentem
1227 3081 1264 3122 455

412 3143 504 3198 Caede
521 3145 609 3198 locum
627 3148 656 3198 55
674 3144 769 3211 plenos
788 3139 925 3209 spumanti
945 3142 1074 3208 sanguine
1091 3140 1170 3196 rivos.

413 3220 594 3288 Adgnoseunt
611 3220 697 3289 spolia
714 3219 789 3271 inter
807 3232 837 3269 55
854 3214 1016 3283 galeamque
1034 3216 1169 3273 nitentem

412 3295 532 3363 Messapi
549 3300 578 3349 et
595 3295 681 3349 mulio
699 3294 824 3363 phaleras
842 3291 944 3346 sudore
962 3296 1093 3362 receptas.

448 3371 484 3424 Et
501 3372 555 3423 iam
572 3372 661 3439 prima
677 3388 746 3424 novo
764 3368 913 3439 spargebat
931 3367 1033 3423 lumine
1051 3373 1141 3426 terras

411 3446 521 3517 Tithoni
538 3462 662 3500 croceum
680 3447 805 3515 linquens
824 3446 934 3499 Aurora
951 3445 1056 3501 cubile·¹
1235 3462 1277 3496 555

412 3523 472 3576 Iam
491 3522 547 3575 sole
563 3521 660 3591 infuso,
679 3524 735 3577 iam
751 3521 838 3579 rebus
852 3521 921 3577 luce
937 3523 1073 3590 retectis,

406 3597 512 3651 Turnus
527 3598 557 3652 in
577 3616 657 3655 arma
674 3600 762 3673 viros,
780 3601 876 3658 armis
893 3597 1102 3657 circumdatus
1114 3594 1202 3657 tuse„

391 3671 525 3743 suscitat,
545 3680 727 3750 aeratasque
745 3680 830 3737 acies
846 3681 885 3735 in
900 3675 1026 3749 proella
1044 3667 1134 3735 mgna
