3467 4367
455 640 471 687 2
689 639 720 691 P.
739 639 893 689 VERGILI
910 638 1077 689 MARONIS

455 721 595 786 Quantum
611 724 688 780 lenta
704 722 792 777 solent
808 721 882 775 inter
898 719 1013 775 viburna
1030 722 1161 791 cupressi.

454 797 500 854 Μ.
519 800 557 855 Ilt
574 817 646 870 quae
662 803 743 855 tanta
758 797 813 852 fnit
830 797 946 851 Romam
964 798 1016 852 tibi
1033 816 1129 855 caussa
1145 799 1278 856 ridendil

459 874 490 929 T.
508 875 649 943 Libertae;
667 892 738 946 quae
755 890 823 941 sera,
841 877 935 927 tamen
952 876 1074 943 respexit
1091 876 1216 945 inertem,

457 950 608 1006 Candidior
626 956 773 1023 postquam
790 949 918 1004 tondenti
933 947 1020 1004 barba
1036 951 1170 1019 cadebat;

458 1025 594 1097 Respexit
613 1031 714 1095 tamen,
733 1029 762 1081 et
778 1025 860 1093 longo
878 1029 941 1095 pret
959 1029 1084 1096 tempore
1101 1029 1184 1097 venit,
1290 1043 1315 1084 ao

458 1102 610 1173 Postquam
628 1120 678 1157 nos
698 1101 844 1170 Amaryllis
861 1100 954 1170 babet,
973 1102 1089 1158 Galatea
1106 1104 1226 1173 reliquit.

457 1178 591 1255 Namque,
609 1178 717 1234 fatebor
735 1178 815 1244 enim,
834 1178 901 1231 dum
918 1194 963 1231 me
981 1177 1095 1233 Galatea
1112 1181 1233 1251 tenebat,

457 1254 517 1311 Nec
534 1272 597 1326 spes
612 1255 750 1310 libertatis
767 1258 836 1322 erat,
853 1271 905 1309 nec
922 1270 987 1308 cura
1004 1255 1101 1323 peculi.

459 1331 588 1397 Quamvis
606 1332 694 1386 multa
711 1331 779 1385 meis
797 1331 885 1385 exiret
903 1330 1014 1385 victima
1031 1333 1141 1401 saeptis,

459 1407 572 1478 Pinguis
589 1412 619 1463 et
635 1406 759 1477 ingratae
776 1411 949 1476 premeretur
966 1423 1061 1462 caseus
1079 1409 1148 1477 urbi,
1291 1424 1316 1465 aa

459 1483 522 1538 Non
534 1501 665 1554 umquam
677 1483 770 1553 gravis
781 1499 844 1537 aere
857 1482 968 1537 domum
981 1484 1048 1537 mihi
1060 1484 1160 1539 dextra
1171 1484 1288 1540 redibat

459 1559 502 1616 Μ.
522 1560 652 1628 Mirabar,
671 1560 860 1628 quidmaesta
880 1558 954 1627 deos,
975 1560 1114 1628 Amarylli,
1132 1577 1252 1628 vocares,

460 1636 511 1692 (lui
529 1637 650 1707 pendere
668 1652 718 1690 sua
734 1634 869 1704 patereris
887 1634 916 1687 in
934 1634 1032 1690 arbore
1049 1653 1145 1706 poma:

460 1712 570 1782 Tityrus
586 1713 649 1767 hinc
666 1712 770 1766 aberat.
808 1711 890 1779 Ipsae
907 1713 944 1777 te,
962 1711 1062 1781 Tityre,
1080 1714 1167 1783 pinus,

462 1788 519 1859 Ipsi
536 1792 566 1843 te
582 1789 679 1855 fontes
697 1787 757 1856 ipsa
774 1786 841 1839 haec
858 1784 972 1841 arbusta
989 1788 1128 1844 vocabant.
1291 1804 1317 1843 so

465 1864 496 1919 T.
513 1864 585 1930 Quid
602 1864 737 1917 facereml
755 1878 844 1931 neque
862 1861 975 1916 servitio
993 1880 1037 1918 me
1054 1865 1130 1920 exire
1147 1864 1255 1935 licebat,

461 1940 521 1996 Nec
537 1944 595 1994 tam
612 1938 763 2009 praesentis
781 1937 845 1990 alibi
862 1954 1025 2007 cognoscere
1043 1941 1125 1996 divos.

462 2015 518 2071 Hic
534 2015 612 2069 illum
629 2014 687 2069 ridi
704 2014 836 2078 iuvenem,
856 2013 999 2083 Meliboee,
1018 2017 1179 2084 quotannis

462 2091 511 2147 Bis
528 2107 608 2145 senos
623 2090 668 2145 cui
685 2093 781 2145 nostra
799 2088 859 2144 dies
877 2089 974 2144 altaria
991 2091 1105 2148 fumant.

462 2168 517 2223 Hic
534 2168 602 2223 mihi
619 2183 778 2236 responsum
798 2165 904 2235 primus
923 2165 1002 2221 dedit
1021 2167 1067 2222 ille
1084 2169 1206 2238 petenti:
1295 2186 1320 2224 45

462 2241 579 2314 Pascite,
595 2247 628 2299 ut
644 2246 717 2312 ante,
735 2241 826 2309 boves,
845 2242 933 2312 pueri,
952 2242 1107 2299 submittite
1124 2247 1224 2299 tauros.

462 2319 506 2375 Μ.
526 2321 676 2375 Fortunate
695 2335 787 2386 senex,
806 2335 873 2387 ergo
891 2321 940 2372 tua
959 2335 1024 2372 rura
1041 2320 1197 2388 manebunt,

463 2396 501 2451 llt
517 2394 568 2450 tibi
585 2412 684 2463 magna
702 2394 776 2461 satis,
797 2394 922 2462 quamvis
939 2395 1008 2463 lapis
1026 2396 1116 2447 omnia
1131 2395 1222 2451 nudus

462 2472 626 2539 limosoque
642 2468 721 2540 palus
738 2469 856 2524 obducat
873 2487 974 2539 pascua
990 2469 1085 2524 iunco!

462 2548 526 2603 Non
541 2547 650 2602 insueta
666 2546 757 2615 gravis
775 2545 952 2615 temptabunt
969 2544 1070 2614 pabula
1086 2544 1165 2612 setas,
1298 2565 1324 2600 eo

463 2624 523 2680 Nec
539 2624 611 2678 mala
627 2622 709 2677 vicini
726 2622 832 2691 pecoris
852 2621 978 2689 contagia
995 2619 1113 2673 laedent.

464 2700 616 2756 Fortunate
633 2715 724 2766 senex,
741 2698 795 2766 hic,
813 2698 887 2752 inter
906 2692 1018 2750 flumina
1034 2699 1099 2750 nota

464 2776 501 2831 nt
516 2775 600 2830 fontis
617 2791 715 2841 sacros,
733 2775 820 2843 frigus
840 2772 964 2843 captabis
982 2770 1114 2841 opacum!

465 2852 538 2907 Hinc
554 2850 613 2919 tibi,
632 2865 703 2928 quae
721 2866 835 2919 semper,
855 2850 943 2904 ricino
963 2849 998 2903 ab
1015 2849 1112 2917 limite,
1128 2864 1225 2918 saepes

464 2927 597 2997 Hyblaeis
614 2926 711 2996 apibus
730 2926 825 2980 florem
843 2926 959 2996 depasta
977 2926 1074 2993 salicti,
1300 2942 1325 2980 se

465 3003 552 3073 Saepe
569 3003 622 3057 leri
639 3019 762 3057 somnum
782 3002 910 3057 suadebit
930 3002 1000 3057 inire
1018 3018 1145 3067 susurro,

465 3079 539 3135 Hinc
556 3080 613 3134 alta
630 3078 681 3133 sub
699 3096 767 3148 rupe
787 3083 868 3134 canet
888 3079 1032 3134 frondator
1050 3078 1086 3132 ad
1103 3094 1201 3144 auraa3

465 3154 524 3211 Nec
540 3160 633 3211 tamen
650 3155 757 3210 interea
777 3172 883 3224 raucae,
903 3160 952 3211 tua
971 3174 1045 3224 cura,
1064 3154 1215 3225 palumbes,

466 3231 524 3287 Nec
541 3249 653 3305 gemere
670 3233 744 3287 acria
763 3232 882 3286 cessabit
902 3236 996 3287 turtur
1014 3233 1049 3286 ab
1067 3232 1146 3286 ulmo.

471 3307 499 3363 Τ.
517 3311 593 3364 Ante
610 3310 684 3364 leves
702 3327 768 3378 ergo
787 3313 933 3381 pascentur
951 3313 981 3363 'm
1001 3310 1113 3363 aethere
1131 3308 1211 3374 cervi,
1303 3321 1329 3361 ao

467 3383 503 3439 ut
520 3386 593 3440 freta
611 3389 764 3441 destituent
784 3385 872 3440 nudos
890 3386 918 3438 in
938 3387 1018 3440 litore
1035 3386 1131 3454 pisces,

460 3460 545 3527 Ante,
560 3464 717 3531 pererratis
734 3466 878 3517 amborum
897 3462 1007 3528 tinibus¹
1024 3461 1104 3515 exsul

445 3531 511 3585 Ant
527 3538 645 3591 Ararim
668 3539 792 3594 Parthus
812 3540 904 3606 bibet,
925 3543 975 3594 aut
994 3535 1150 3592 Germania
1160 3531 1283 3596 ligram,

429 3598 524 3659 Quam
542 3617 650 3668 nostro
671 3617 751 3671 illius
771 3617 890 3673 labatur
912 3620 1033 3686 pectore
1049 3610 1157 3667 uoltus·

411 3664 463 3725 dl.
481 3683 528 3734 ac
545 3701 603 3743 ιω,
623 3691 697 3749 mm
717 3695 772 3751 aru
793 3695 934 3753 sitientis
952 3692 1068 3748 ibimus
1092 3685 1190 3740 sires,
1353 3679 1381 3712 «Ἄ
