3467 4367
687 616 873 665 auNEIDOS
891 617 960 666 LIB.
978 617 1030 669 XI.
1239 623 1287 670 295

437 691 490 744 Ter
507 691 608 745 circum
625 710 760 761 accensos,
778 693 860 749 cincti
878 695 1046 765 fulgentibus
1064 700 1156 769 armis,

397 802 399 806 -
437 766 589 821 Decurrere
607 785 704 835 rogos3
728 772 772 822 ter
789 775 924 826 maestum
942 774 1046 829 firneris
1063 776 1155 844 ignem

437 843 602 897 Lustravere
619 843 648 898 in
665 846 750 914 equis,
768 846 944 917 ululatusque
962 868 1009 905 ore
1028 852 1140 908 dedere.
1253 869 1290 909 roo

437 921 581 990 Spargitur
599 925 628 975 et
644 922 727 975 tellus
743 922 870 992 lacrimis,
888 931 1052 993 sparguntur
1070 931 1099 982 et
1116 945 1199 983 arma

439 999 467 1052 It
485 994 558 1052 caelo
577 1000 733 1069 clamorque
750 1000 838 1053 virum
857 1000 1021 1072 clangorque
1039 1004 1176 1059 tubarum.

438 1074 510 1128 Hinc
528 1076 574 1128 alii
593 1075 679 1145 spolia
697 1075 792 1129 occisis
805 1075 921 1145 derepta
939 1078 1045 1132 Latinis

438 1150 592 1204 Coniiciunt
608 1150 673 1220 igni,
692 1152 784 1221 galeas
802 1168 937 1221 ensesque
956 1153 1069 1209 decoros

438 1226 583 1295 Frenaque
600 1228 787 1296 ferventisque
804 1232 880 1281 rotas
889 1249 895 1293 ;
912 1246 976 1298 pars
994 1246 1108 1284 munera
1124 1234 1198 1301 nota,
1253 1248 1289 1287 rsa

439 1303 564 1371 Ipsorum
581 1305 682 1373 clipeos
700 1306 729 1357 et
746 1321 799 1357 non
817 1304 905 1358 felicia
923 1306 987 1361 tela.

437 1379 527 1433 Multa
544 1380 627 1433 boum
645 1380 718 1434 circa
735 1383 892 1434 mactantur
909 1397 1023 1450 corpora
1040 1382 1131 1450 morti,

438 1455 648 1525 Saetigerosque
666 1473 729 1510 sues
746 1465 894 1525 raptasque
913 1474 947 1511 ex
965 1456 1094 1510 omnibus
1112 1459 1185 1527 agris

439 1531 473 1585 In
490 1531 626 1583 flammam
644 1530 769 1599 iugulant
786 1531 914 1599 pecudes.
950 1532 1019 1621 'supr
1037 1532 1119 1587 litore
1136 1537 1195 1593 toto

438 1606 572 1659 Ardentis
590 1609 716 1674 spectant
734 1607 827 1675 socios,
846 1608 1032 1677 semiustaque
1051 1613 1164 1664 servant
1250 1626 1289 1666 aco

372 1741 374 1745 ¹
438 1681 532 1749 Busta
550 1698 639 1752 neque
656 1683 736 1736 avelli
753 1687 875 1752 possunt,
892 1700 946 1737 nox
964 1684 1077 1739 humida
1095 1686 1183 1743 donec
1263 1680 1269 1690 ⁸

438 1757 556 1813 luvertit
573 1759 678 1814 caelum
695 1759 782 1814 stellis
799 1759 960 1815 ardentibus
977 1765 1081 1831 aptum,

471 1834 497 1887 N
499 1852 530 1889 ec
546 1835 635 1889 minus
652 1839 681 1890 et
698 1836 791 1890 miseri
810 1837 920 1892 diversa
937 1838 966 1892 in
983 1842 1063 1908 parte
1082 1838 1174 1894 Latini

437 1910 597 1965 Innumeras
615 1915 740 1966 struxere
758 1930 852 1981 pyras3
872 1917 901 1968 et
918 1931 1032 1984 corpora
1048 1915 1149 1983 partim

437 1986 526 2040 Multa
543 1989 632 2041 virum
649 1992 742 2043 terrae
758 1989 903 2057 infodiunt,
922 1993 1072 2058 avectaque
1089 1990 1190 2057 partim
1251 2005 1290 2044 eos

437 2062 580 2118 Finitimos
597 2065 698 2119 tollunt
714 2065 743 2117 iu
760 2081 847 2133 agros,
863 2064 982 2133 urbique
999 2063 1164 2130 remittunt3

437 2137 543 2206 Cetera,
560 2140 742 2207 confi1saeque
760 2140 899 2207 ingentem
918 2139 1008 2193 caedis
1026 2155 1160 2207 acervum,

437 2213 495 2265 Nec
507 2230 619 2267 numero
631 2231 681 2267 nec
692 2214 794 2267 honore
808 2218 945 2279 cremant;
956 2218 1023 2269 tunc
1033 2214 1156 2284 undique
1168 2216 1239 2271 vasti

438 2288 572 2341 Certatim
589 2288 692 2343 crebris
709 2289 852 2342 conlucent
871 2289 979 2357 ignibus
996 2289 1062 2358 agri.

437 2362 529 2417 'lertia
545 2364 593 2417 lux
610 2364 729 2433 gelidam
746 2365 820 2418 caelo
839 2364 992 2419 dimoverat
1008 2364 1148 2421 umbram:
1252 2382 1289 2421 a1o

437 2439 594 2493 Maerentes
611 2439 698 2495 altum
716 2440 835 2495 cinerem
855 2444 885 2495 et
903 2441 1014 2495 confusa
1031 2440 1148 2495 ruebant

437 2516 506 2568 Ossa
524 2515 597 2583 focis,
616 2516 764 2585 tepidoque
782 2516 934 2571 onerabant
952 2534 1052 2586 aggere
1070 2522 1169 2575 terrae.

437 2593 497 2644 Iam
515 2592 625 2646 veroin
643 2593 731 2661 tectis,
749 2594 910 2662 praedivitis
928 2594 996 2649 urbe
1015 2595 1114 2663 Latini,

437 2669 603 2737 Praecipuus
621 2668 714 2736 fragor
732 2673 760 2724 et
777 2671 851 2737 longi
868 2688 933 2740 pars
950 2688 1078 2725 maxuma
1095 2671 1191 2727 luctus.

437 2744 492 2798 Hic
508 2748 612 2799 matres
630 2744 800 2813 miseraeque
818 2762 910 2813 nurus,
930 2746 974 2800 hic
992 2762 1054 2799 cara
1073 2763 1195 2809 sororum
1252 2764 1289 2803 arn

437 2818 553 2874 Pectora
570 2825 749 2886 maerentum,
767 2820 901 2888 puerique
917 2820 1078 2890 parentibus
1097 2821 1168 2888 orbi,

437 2896 534 2949 Dirum
553 2897 728 2951 exsecrantur
745 2896 847 2950 bellum
866 2895 1005 2965 Turnique
1023 2896 1198 2967 hymenaeos;

438 2972 531 3040 Ipsum
549 2973 639 3040 armis,
657 2973 802 3041 ipsumque
820 2971 916 3025 iubent
934 2971 1083 3026 decernere
1100 2974 1181 3043 ferro,

437 3048 489 3111 Qui
506 3066 622 3117 regnum
641 3048 738 3103 Italiae
756 3051 785 3102 et
802 3047 905 3115 primos
924 3047 975 3101 sibi
992 3051 1088 3117 poscat
1105 3048 1229 3105 honores

437 3126 568 3191 Ingravat
585 3127 652 3179 haec
670 3140 766 3179 saevus
785 3124 913 3193 Drances,
933 3124 1074 3193 solumque
1092 3126 1182 3180 vocari
1251 3141 1289 3181 ano

436 3200 572 3269 Testatur,
591 3201 678 3256 solum
695 3200 770 3270 posci
788 3199 816 3253 in
835 3201 985 3254 certamina
1003 3200 1131 3257 Turnum.

437 3276 526 3329 Multa
543 3277 624 3330 simul
641 3283 737 3346 contra
754 3277 837 3331 variis
855 3277 993 3331 sententia
1011 3276 1094 3331 dictis

439 3352 491 3405 Pro
510 3351 614 3418 Tumo;
638 3356 668 3407 et
684 3370 813 3421 magnum
830 3354 942 3421 reginae
960 3369 1059 3406 nomen
1076 3351 1238 3419 obumbrat3

438 3426 527 3480 Multa
544 3427 632 3480 virum
649 3428 755 3482 meritis
773 3432 911 3483 sustentat
929 3428 1002 3484 fama
1020 3428 1147 3497 tropaeis.

472 3503 532 3556 Hos
549 3502 623 3556 inter
640 3506 737 3570 motus,
754 3504 847 3560 medio
863 3504 895 3559 iu
911 3504 1053 3574 flagrante
1068 3503 1215 3563 tummtu„
1272 3509 1319 3545 *θῶ

432 3578 504 3630 Ecce
519 3595 604 3646 super
620 3579 724 3634 maesti
740 3595 846 3652 magna
863 3581 1022 3638 Diomedis
1038 3580 1078 3634 alo
1094 3577 1177 3628 urbe

422 3651 522 3718 hegatr'
538 3670 676 3724 responsa
694 3656 812 3718 ferunt:
835 3659 915 3720 nibil
933 3658 1079 3715 omn'rbus
1097 3652 1210 3704 aetum
