3467 4367
689 628 764 675 AEN
767 627 872 675 rinos
890 627 959 676 LIB.
979 626 1002 675 1.
1240 627 1271 678 97

412 713 519 768 Scindit
537 728 566 765 se
584 710 671 764 nubes
688 714 718 764 et
734 710 763 762 in
781 708 896 762 aethera
912 714 1013 777 purgat
1031 712 1165 777 apertum.

413 789 529 843 Restitit
548 789 658 841 Aeneas
676 786 803 854 claraque
820 785 849 838 in
868 785 930 839 luce
948 784 1064 852 refulsit,

411 865 452 919 Os
470 864 652 930 humerosque
671 863 723 915 dee
742 862 852 927 similis3
872 878 990 929 namque
1009 862 1067 929 ipsa
1085 861 1212 914 deeeram

411 941 568 996 ansariem
587 944 651 992 nato
669 939 796 1006 genetrix
813 939 960 1006 lumenque
978 939 1104 991 iuventae
1237 951 1273 991 see
1335 947 1341 956 ·

412 1018 588 1085 Purpureum
607 1020 637 1069 et
654 1015 741 1068 laetos
760 1015 844 1067 oeulis
863 1014 979 1069 adflarat
997 1014 1126 1067 honores:

414 1093 504 1159 Quale
522 1109 618 1146 manus
636 1091 744 1144 addunt
762 1091 838 1144 ebori
857 1091 949 1157 decus,
968 1096 1016 1144 aut
1033 1090 1081 1143 ubi
1099 1092 1168 1144 flavo
1189 1128 1198 1145 ,

412 1172 571 1237 Argentum
591 1168 720 1221 Pariusve
738 1167 808 1235 lapis
827 1167 1013 1222 circumdatur
1029 1184 1104 1224 auro.

412 1246 483 1299 Tum
502 1246 539 1298 sie
557 1245 679 1311 reginam
697 1244 863 1312 adloquitur,
880 1245 1039 1313 cunctisque
1056 1246 1170 1312 repente

414 1322 573 1389 inprovisus
591 1321 643 1374 ait:
669 1321 775 1386 (leram,
794 1337 877 1389 quem
895 1320 1036 1389 quaeritis,
1054 1320 1158 1387 adsum,
1237 1332 1273 1372 aas

413 1397 511 1449 Troius
530 1400 646 1462 Aeneas,
666 1396 773 1464 Libyeis
792 1401 904 1465 ereptus
922 1395 958 1449 ab
977 1396 1065 1450 undis.
1111 1423 1130 1434 -

413 1472 438 1525 0
458 1472 514 1525 sola
531 1472 657 1526 infandos
676 1472 772 1526 Troiae
791 1472 921 1526 miserata
939 1471 1053 1539 labores,

413 1548 491 1612 Quae
508 1565 563 1614 nos,
582 1548 710 1616 reliquias
729 1548 861 1616 Danaum,
880 1553 1025 1616 terraeque
1043 1548 1180 1616 marisque

413 1623 548 1678 Omnibus
566 1625 712 1677 exhaustos
730 1625 783 1677 iam
802 1627 915 1692 casibus,
934 1625 1055 1677 omnium
1074 1640 1180 1692 egenos,

413 1700 499 1767 Urbe,
517 1700 605 1766 domo,
625 1700 718 1764 socias,
736 1708 829 1766 grates
848 1701 1006 1768 persolvero
1026 1701 1122 1767 dignas
1235 1714 1271 1753 ooo

413 1776 477 1830 Non
495 1778 554 1845 epis
571 1781 614 1830 est
631 1781 748 1842 nostrae,
769 1777 854 1848 ltidq
868 1794 918 1831 nee
937 1776 1072 1845 quidquid
1090 1775 1192 1844 ubique
1210 1778 1254 1829 est

413 1852 512 1906 Gentis
531 1852 837 1920 Dardaniae,u1agnunr
857 1871 927 1922 qnae
947 1870 1040 1921 sparsa
1058 1869 1108 1920 per
1126 1851 1228 1905 orbem.

413 1929 450 1981 Di
469 1928 526 1995 tibi,
545 1929 568 1982 si
585 1946 639 1997 qua
656 1929 716 1997 pios
734 1933 892 1997 respectant
910 1930 1028 1997 numina,
1046 1930 1069 1982 si
1088 1927 1156 1996 quid

413 2004 537 2073 Usquam
556 2004 660 2057 iustitia
677 2009 720 2058 est
738 2008 768 2059 et
785 2022 861 2060 mens
880 2006 932 2059 sibi
952 2006 1058 2058 conscie
1075 2005 1152 2072 raeti,

414 2080 539 2133 Praemia
552 2078 743 2148 dignaferant.
782 2082 857 2146 Quae
872 2089 900 2136 te
913 2091 970 2136 tam
984 2082 1057 2134 laeta
1069 2082 1192 2134 tulerunt
1235 2094 1281 2136 eet.

413 2157 544 2211 Saeculal
566 2157 612 2225 qui
630 2158 701 2209 tanti
719 2158 802 2210 talem
819 2175 940 2225 genuere
958 2159 1103 2226 parentesl

413 2233 449 2286 In
467 2232 539 2287 freta
557 2233 622 2285 dum
641 2232 713 2285 fluvii
732 2240 849 2295 current,
868 2233 935 2287 dum
954 2232 1093 2287 montibus
1111 2231 1224 2284 umbrae

413 2309 585 2363 [lustrabunt
603 2325 730 2373 convexa,
748 2310 826 2378 polus
845 2310 911 2363 dnm
931 2310 1021 2363 sidera
1038 2311 1140 2379 pascet,

412 2386 527 2454 Semper
544 2386 629 2438 honos
647 2401 801 2452 nomenque
819 2390 898 2439 tuum
916 2385 1066 2453 laudesque
1084 2382 1241 2451 manebunt,

412 2462 490 2525 Quae
502 2478 546 2515 me
557 2478 674 2528 eumque
686 2465 784 2514 vocant
796 2466 894 2515 terrae.
930 2461 974 2515 Sic
987 2462 1067 2528 fatus,
1080 2461 1195 2514 anneum
1234 2472 1271 2513 ere

413 2537 520 2591 Ilionea
537 2537 609 2605 petit
627 2537 734 2603 dextra,
753 2536 885 2607 laevaque
904 2538 1051 2605 Serestum,

410 2614 483 2683 ⁸Post
500 2612 574 2680 alios,
592 2613 747 2682 fortemque
767 2614 851 2682 Gyan,
870 2616 1026 2684 fortemque
1045 2613 1217 2669 Cloanthum.

450 2688 590 2758 Obstipuit
607 2690 696 2758 primo
714 2695 826 2759 aspectu
845 2691 957 2745 Sidonia
976 2691 1055 2758 Dido,
1093 2745 1096 2751 ,

412 2766 492 2820 Casu
505 2766 605 2820 deinde
623 2765 674 2819 viri
691 2770 778 2833 tante,
798 2771 826 2821 et
844 2769 882 2820 sie
901 2784 948 2820 ore
965 2767 1057 2820 locuta
1075 2768 1131 2820 est:

411 2841 482 2908 Quis
500 2845 537 2910 te,
555 2845 620 2895 nate
637 2842 697 2909 dea,
716 2859 765 2910 per
784 2846 861 2896 tanta
878 2843 998 2912 pericula
1016 2858 1093 2897 msus
1236 2854 1271 2893 ers

412 2918 593 2987 Insequituri
620 2935 690 2986 quae
709 2918 750 2971 vis
767 2919 922 2973 inmanibus
941 2919 1060 2987 adplicat
1078 2918 1147 2971 orisl

411 2996 491 3050 Tune
509 2995 555 3048 ille
575 2996 690 3060 Aeneas,
709 3012 790 3063 quern
809 2995 949 3048 Dardanio
970 2995 1108 3049 Anchisae

412 3072 499 3129 Alma
516 3072 611 3127 Venus
630 3071 740 3141 Phrygii
757 3072 853 3140 genuit
873 3072 1020 3127 Simoentis
1038 3072 1075 3125 ad
1091 3072 1211 3126 undam?

413 3152 510 3217 Atque
528 3148 657 3218 equidem
676 3148 809 3201 Teucrum
827 3148 938 3201 memini
957 3148 1059 3202 Sidona
1076 3148 1169 3201 venire

412 3224 528 3280 Finibus
546 3226 690 3293 expulsum
707 3224 811 3292 patriis,
830 3241 900 3278 nova
917 3242 1002 3293 regna
1020 3228 1159 3293 petentem
1237 3236 1273 3274 eea

413 3300 527 3355 Auxilio
546 3300 622 3365 Beli;
641 3301 750 3367 genitor
768 3305 827 3354 tum
845 3300 929 3354 Belus
947 3301 1065 3369 opimam

386 3392 390 3398 ·
415 3376 554 3430 Vastabat
571 3377 697 3445 cyprum,
716 3381 745 3430 et
763 3376 849 3430 vietor
867 3376 973 3431 dicione
991 3376 1111 3430 tenebat.

414 3452 550 3520 Tempore
568 3453 621 3505 iam
640 3470 674 3505 ex
692 3452 739 3505 illo
757 3468 835 3507 casus
852 3451 922 3507 mihi
939 3453 1071 3523 cognitus
1085 3450 1169 3505 urbis

414 3527 545 3579 Troianae
560 3545 716 3598 nomenque
735 3532 816 3586 tuum
836 3548 981 3604 regesque
1000 3528 1131 3597 Pelasgi.

399 3601 470 3665 Ipse
484 3599 574 3656 hostis
593 3605 716 3662 Teucros
734 3608 845 3681 insigni
862 3611 955 3669 lande
972 3609 1110 3674 larebat,

1295 3594 1340 3634 ὣ

387 3671 484 3736 Smne
501 3682 596 3733 ortum
615 3684 742 3756 antiqua
762 3687 955 3747 Teucrorum
974 3689 1020 3745 ab
1037 3686 1144 3750 stirpe
1161 3665 1307 3727 vexabat»
