3467 4367
457 637 504 686 144
690 636 720 683 P„
738 635 892 683 VERGILI
909 635 1078 684 MAllONlb'

455 712 543 779 Quam
561 712 656 781 procul
674 713 812 768 incautam
830 730 943 768 nemora
960 714 1034 768 inter
1053 714 1147 768 Cresia
1164 716 1226 772 fixit
1289 729 1314 771 70
1358 691 1363 702 ⁸

455 790 553 844 Pastor
570 806 654 857 agens
672 790 743 858 telis,
762 790 898 859 liquitque
915 791 1026 869 volaq'le
1042 791 1146 845 ferrum

454 866 481 920 N
482 867 583 930 escius;
599 866 646 920 illa
663 867 729 934 fuga
746 866 827 920 silvas
846 867 986 936 saltusque
1004 870 1135 949 pcfflrat
1189 917 1210 948 Χ

455 942 596 1007 Dictaees;
614 942 710 996 haeret
727 942 809 996 lateri
826 941 917 997 letalis
935 943 1047 996 arunde.

371 1023 373 1027 '
455 1019 535 1072 Nunc
552 1018 643 1088 media
661 1021 774 1073 Aenean
793 1035 885 1072 secum
902 1036 953 1088 per
971 1020 1078 1073 moenia
1096 1021 1179 1089 ducit,

455 1094 633 1163 Sidoniasque
650 1097 772 1148 ostentat
789 1110 855 1163 opes
873 1094 1024 1163 urbemque
1041 1098 1182 1163 paratam;
1287 1110 1312 1154 7s

456 1171 555 1240 Incipit
573 1171 656 1239 effari,
673 1171 819 1239 mediaque
837 1171 865 1225 in
884 1187 948 1236 voce
966 1171 1085 1238 resistit;

455 1247 481 1300 N
483 1264 535 1301 unc
553 1248 650 1301 eadem
667 1247 777 1301 labente
795 1247 840 1300 die
858 1247 981 1301 convivia
998 1248 1113 1315 quaerit,
1137 1253 1153 1286 Ρ

457 1323 607 1392 Iliacosque
624 1325 725 1378 iterum
744 1323 857 1377 demens
875 1323 972 1377 audire
990 1322 1097 1377 labores

403 1387 592 1468 sfhxposcit,
610 1400 768 1469 pendetque
786 1400 888 1453 iterum
906 1399 1041 1452 narrantis
1058 1398 1093 1453 ab
1111 1415 1166 1455 ore.

456 1475 530 1542 Post,
547 1475 595 1529 ubi
614 1476 737 1544 digressi,
755 1476 902 1543 lumenque
921 1474 1036 1529 obscura
1053 1476 1171 1530 vicissim
1288 1492 1313 1530 so

456 1551 534 1604 buna
551 1553 651 1619 premit
669 1551 841 1619 suadentque
859 1550 985 1605 cadentia
1001 1550 1092 1605 sidera
1110 1561 1227 1618 somnos,

456 1627 519 1682 Sola
537 1628 618 1681 demo
636 1632 742 1696 maeret
760 1643 853 1695 vacua,
872 1627 1022 1696 stratisque
1040 1627 1142 1681 relictis

457 1703 580 1758 Incubat.
616 1703 699 1756 Illum
717 1702 817 1756 absens
834 1702 977 1757 absentem
996 1702 1128 1771 auditque
1146 1703 1301 1778 videtque„

456 1781 516 1833 Aut
532 1779 636 1847 grando
655 1779 812 1845 Ascanium,
830 1778 962 1846 genitoris
980 1778 1099 1846 imagine
1117 1781 1205 1847 capta,
1259 1779 1290 1790 ⁹

456 1853 579 1923 Detinet,
596 1854 738 1908 infandum
756 1854 778 1908 si
798 1854 893 1908 fallere
911 1854 999 1922 possit
1017 1870 1145 1908 amorem.
1288 1869 1313 1907 ss

457 1930 519 1984 Non
536 1933 650 1999 coeptae
669 1930 822 1998 adsmgunt
839 1933 938 1997 turres,
957 1946 1011 1984 non
1029 1946 1106 1983 orma
1122 1930 1249 1984 iuventus

405 2025 408 2030 ·
458 2006 584 2073 Exercet,
603 2010 736 2074 portusve
755 2008 803 2058 out
821 2006 1023 2074 propugnacula
1040 2005 1112 2060 bello

458 2082 528 2136 Tuta
544 2086 657 2151 parant;
674 2081 797 2151 pendent
814 2098 898 2149 opera
916 2082 1072 2150 interrupta
1089 2082 1235 2151 minaeque

396 2158 601 2213 ¹r-ldrsrorum
617 2159 742 2227 ingentes
759 2161 933 2228 aequataque
951 2158 1076 2212 machina
1094 2159 1176 2213 caelo.
1278 2193 1281 2202 ·

389 2235 393 2242 '
434 2228 478 2264 ‘¹‘
493 2235 580 2301 Quam
599 2236 679 2289 simul
696 2252 728 2289 ac
744 2234 792 2289 tali
811 2235 947 2303 persensit
965 2238 1044 2302 peste
1061 2235 1150 2288 teneri
1161 2229 1196 2248 f
1217 2252 1221 2259 ·
1290 2250 1316 2290 ao

459 2310 530 2365 (lara
548 2311 621 2366 Iovis
638 2312 763 2377 coniunx,
780 2326 831 2364 nee
849 2310 950 2364 samem
968 2309 1078 2364 obstare
1096 2311 1194 2382 furori,

459 2386 568 2441 'l'slibus
585 2387 746 2456 adgreditur
764 2386 901 2440 Venerem
920 2386 1047 2441 Saturnia
1065 2386 1158 2441 dictis:

459 2462 604 2531 Egregiam
622 2479 686 2517 vero
704 2462 814 2516 leudem
832 2466 862 2516 et
880 2461 968 2531 spolia
985 2462 1076 2530 ampla
1093 2462 1203 2517 refertis

458 2538 554 2607 'loque
570 2554 693 2607 puerque
710 2541 781 2602 tuus,
799 2553 927 2605 magnum
946 2541 975 2591 ot
992 2537 1170 2592 memorabile
1186 2554 1292 2607 nomen,

459 2613 522 2668 Una
539 2613 602 2667 dolo
619 2613 709 2667 divom
728 2614 751 2666 si
767 2613 869 2666 femina
886 2613 958 2666 victa
976 2614 1092 2667 duorum
1111 2617 1163 2669 est.
1290 2630 1316 2670 et

459 2688 486 2742 N
487 2705 518 2742 ec
535 2705 579 2743 me
597 2689 666 2743 adeo
683 2689 753 2742 fallit
772 2688 887 2742 veritam
907 2692 936 2741 te
953 2690 1059 2743 moenia
1077 2695 1171 2744 nostra

459 2764 606 2838 Suspectus
623 2764 751 2819 habuisse
770 2764 866 2818 domos
886 2764 1066 2833 Karthaginis
1083 2765 1178 2850 altae?

458 2840 515 2895 Sed
532 2841 593 2910 quis
610 2841 664 2895 erit
681 2840 785 2906 modus,
804 2843 852 2893 aut
872 2856 925 2909 quo
943 2858 1016 2895 nune
1033 2843 1182 2896 certamine
1199 2844 1299 2897 tantol

459 2916 530 2981 Quin
548 2917 639 2985 potius
656 2934 751 2986 pacem
770 2920 910 2990 aeternam
928 2921 1077 2987 pactosque
1096 2918 1259 2986 hymenaeos

459 2992 645 3047 Exercemusl
663 2992 755 3060 habes,
773 2995 834 3046 tota
851 2992 926 3062 quod
944 2998 1036 3047 mente
1054 2994 1159 3063 petisti:
1281 3010 1317 3049 lor

461 3069 552 3123 Ardet
569 3084 662 3121 amans
681 3068 753 3122 Dido
771 3069 913 3138 traxitque
930 3085 981 3137 per
998 3085 1060 3123 ossa
1077 3069 1205 3126 furorem.

460 3144 637 3199 Communem
654 3143 725 3197 hune
743 3161 809 3213 ergo
827 3144 957 3213 populum
975 3146 1144 3214 paribusque
1161 3163 1291 3215 regamus

460 3220 610 3290 Auspiciis3
627 3220 707 3274 liceat
727 3219 844 3288 Phrygio
862 3221 964 3275 servire
982 3221 1089 3289 marito,

459 3295 621 3366 Detalisque
639 3299 704 3349 tuae
723 3296 816 3364 Tyrios
835 3296 998 3365 permittere
1017 3297 1139 3353 dextrae.

494 3372 669 3426 Olli-sensit
687 3372 759 3426 enim
777 3370 905 3427 simulata
923 3375 1016 3427 mente
1033 3374 1173 3443 locutam·
1281 3388 1317 3430 roe

455 3448 518 3512 Ouo
532 3464 651 3517 regnum
671 3448 769 3504 Italiae
788 3448 901 3518 Libycas
919 3452 1058 3504 averteret
1074 3466 1171 3503 oras-

433 3519 488 3576 Sr'c
502 3528 604 3580 contra
622 3530 669 3583 est
685 3526 819 3598 ingressa
835 3526 947 3582 Venus:
965 3524 1034 3590 uuis
1048 3525 1119 3577 tedia
1132 3526 1248 3578 demens

417 3592 556 3669 Abnuat,
574 3607 632 3661 aut
652 3608 752 3663 tecum
772 3605 860 3663 malit
879 3600 1057 3661 contendere
1069 3598 1159 3662 heho,

401 3662 445 3720 δ”
457 3676 561 3749 modo,
583 3683 670 3754 quod
693 3703 860 3757 memoras,
880 3682 999 3739 iactum
1013 3677 1134 3731 lortuna
1148 3670 1305 3736 &timii
