3467 4367
690 621 876 672 AENEIDOS
892 620 964 673 IiIB.
982 620 1018 670 V.
1236 621 1282 669 161

431 704 527 770 Quove
543 702 631 772 magis
647 702 734 758 fessas
751 706 844 771 optem
862 701 1009 757 demittere
1026 700 1112 771 navis,

432 780 521 845 Quam
538 796 609 849 quac
626 779 794 833 Dardanium
812 779 895 832 tellus
912 778 978 831 mihi
995 781 1088 833 servat
1106 777 1235 848 Acesten,
1261 790 1285 833 ao

431 857 470 911 Et
487 856 575 925 patris
593 855 731 909 Anchisae
748 855 852 923 gremio
871 855 1053 924 conplectitur
1070 856 1147 911 essai

432 934 510 988 Haec
527 932 574 986 ubi
591 932 673 1000 dicta,
691 935 790 1001 petunt
801 936 911 1000 portus,
929 934 958 986 et
975 931 1036 986 vela
1053 932 1165 988 secundi

432 1008 587 1064 Intendunt
603 1007 735 1077 Zephyri;
751 1009 841 1063 fertur
857 1008 914 1062 cita
930 1009 1040 1077 gurgite
1057 1009 1159 1079 classis,

431 1084 469 1140 ut
486 1085 598 1140 tandem
614 1084 682 1138 laeti
698 1088 781 1138 notae
798 1084 980 1139 advertuntur
998 1102 1105 1140 arenae.

468 1165 509 1217 At
526 1161 621 1233 procul
638 1161 745 1214 excelso
763 1161 879 1215 miratus
895 1161 999 1216 vertice
1015 1161 1117 1216 montis

432 1239 593 1293 Adventum
610 1236 749 1306 sociasque
768 1240 842 1291 rates
859 1236 978 1292 oocum't
996 1240 1121 1306 Acestes,

432 1314 571 1369 Horridus
588 1314 616 1367 in
633 1313 727 1368 iaculis
744 1316 774 1367 et
791 1313 863 1382 pello
881 1313 1031 1382 Libystidis
1047 1329 1137 1383 ursae,

430 1390 513 1444 Troia
530 1389 646 1444 Crimiso
663 1392 823 1458 conceptum
840 1390 953 1444 flumine
969 1393 1059 1454 mater

431 1466 520 1531 Quem
537 1466 639 1533 genuit.
676 1464 810 1519 Veterum
828 1482 882 1520 non
899 1465 1034 1520 inmemor
1049 1466 1097 1521 ille
1113 1468 1260 1538 parentum

431 1544 566 1598 Gratatur
583 1542 698 1595 reduces
715 1547 745 1597 et
761 1559 829 1610 gaza
846 1541 935 1597 laetus
952 1544 1054 1612 agresti
1262 1558 1287 1597 ro

431 1620 549 1688 Excipit,
566 1635 598 1672 ac
614 1617 700 1672 fessos
718 1619 815 1687 opibus
832 1620 936 1674 solatur
953 1620 1053 1675 amicis.

468 1697 661 1768 Postera-cum
679 1695 767 1763 primo
784 1696 878 1749 stellas
897 1696 1011 1750 Oriente
1026 1696 1136 1765 fugarat

431 1772 514 1826 Clara
531 1772 599 1839 dies,
618 1771 704 1825 socios
722 1770 751 1824 in
768 1775 877 1826 coetum
894 1772 977 1827 litore
994 1772 1030 1826 ab
1047 1772 1121 1827 omni

432 1847 559 1902 Advocat
579 1850 695 1915 Aeneas,
713 1848 866 1917 tumulique
884 1865 919 1903 ex
936 1864 1038 1917 aggere
1054 1850 1141 1904 fatur:

431 1923 609 1978 Dardanidae
625 1925 725 1993 magni,
741 1941 829 1993 genus
846 1925 903 1979 alto
921 1941 938 1978 a
955 1925 1087 1994 sanguine
1105 1923 1205 1992 divom,
1262 1938 1287 1977 ss

431 2000 550 2054 Annuus
567 2000 672 2054 aradis
688 2001 831 2069 conpletur
847 2000 987 2055 mensibus
1005 2001 1087 2069 orbis,
1152 2048 1155 2053 .

431 2076 475 2129 Ex
493 2092 547 2145 quo
564 2076 694 2145 reliquias
714 2076 856 2145 divinique
874 2093 936 2130 ossa
953 2078 1075 2145 parentis

431 2151 612 2206 Condidimus
629 2156 705 2207 terra
722 2156 897 2219 maestasque
915 2154 1082 2206 sacravimus
1100 2168 1169 2207 aras.

432 2228 548 2297 Iamque
566 2229 633 2296 dies,
649 2228 702 2281 nisi
719 2227 806 2295 fallor,
823 2228 911 2294 adest,
927 2244 1008 2295 quem
1025 2245 1134 2297 semper
1148 2225 1287 2294 acerbum,

431 2304 547 2373 Semper
564 2304 801 2360 honoratum-sic
819 2303 848 2356 di
867 2303 1142 2359 voluistis—habebo.
1263 2316 1288 2357 to

432 2380 515 2436 Hunc
532 2398 583 2449 ego
601 2380 724 2435 Gaetulis
742 2395 853 2448 agerem
871 2379 894 2433 si
913 2379 1038 2448 Syrtibus
1055 2380 1142 2449 exsul,

432 2457 595 2525 Argolicove
613 2456 682 2510 mari
699 2456 851 2525 deprensus
868 2459 898 2510 et
915 2455 984 2510 urbe
1001 2456 1140 2525 Mycenae,

432 2534 534 2587 Annua
550 2537 614 2588 vota
631 2537 724 2587 tamen
742 2532 935 2601 sollemnisque
953 2533 1049 2587 ordine
1066 2548 1179 2602 pompas

431 2610 613 2678 assequerer,
631 2614 822 2679 strueremque
839 2609 899 2679 suis,
913 2609 1011 2664 altaria
1029 2610 1115 2664 donis.

431 2686 512 2739 Nunc
529 2686 603 2739 ultro
620 2687 657 2740 ad
674 2686 782 2741 cineres
799 2687 884 2756 ipsius
902 2690 932 2741 et
949 2703 1010 2741 ossa
1027 2686 1157 2755 parentia,
1264 2697 1289 2737 tu

432 2762 518 2816 Haud
536 2761 663 2829 equidem
681 2764 739 2817 sine
757 2766 850 2817 mente
867 2780 938 2830 reor,
957 2763 1014 2817 sine
1032 2762 1142 2816 numine
1160 2760 1259 2827 divom,

432 2838 574 2892 Adsumus
591 2841 735 2907 otpertus
753 2839 838 2894 delati
856 2838 991 2892 intramus
1008 2838 1115 2892 amicos.

432 2914 508 2983 Ergo
525 2915 608 2982 agite,
627 2918 657 2969 et
672 2915 776 2969 laetum
794 2916 885 2969 cuncti
903 2914 1073 2968 celebremus
1090 2914 1237 2978 honorcm;

431 2990 580 3045 Poscamus
598 2994 701 3059 ventos,
719 2995 803 3061 atquo
821 2990 889 3045 haec
905 3008 951 3045 me
968 3006 1046 3044 sacra
1064 2988 1225 3058 quotannis

430 3068 508 3123 Urbe
527 3068 593 3123 velit
611 3069 700 3138 posita
717 3068 829 3137 templis
847 3066 900 3121 sibi
917 3068 991 3121 ferre
1010 3066 1124 3120 dicatis(

431 3145 502 3199 Bina
519 3145 602 3199 boum
620 3145 697 3199 vobis
716 3144 797 3197 'lroia
814 3146 962 3212 generatus
981 3144 1098 3197 Acestes

431 3221 488 3274 Dat
506 3238 619 3275 numero
636 3222 726 3290 capita
743 3221 772 3274 in
790 3221 882 3286 navis;
900 3220 1031 3274 adhibete
1050 3216 1161 3272 Penatis

432 3294 470 3350 llt
487 3298 591 3366 patrios
609 3297 696 3367 epulis
714 3300 743 3351 et
761 3313 829 3366 quos
847 3296 913 3352 colit
931 3296 1030 3364 hospes
1050 3295 1174 3348 Acestes.

432 3373 589 3442 Praeterea,
607 3374 630 3427 si
647 3390 718 3427 nona
735 3373 810 3427 diem
828 3371 989 3427 mortalibus
1006 3371 1108 3425 almum
1244 3432 1247 3437 .

433 3450 543 3505 Aurora
561 3450 691 3504 extulerit
708 3449 846 3519 radiisque
864 3448 1003 3504 retexerit
1018 3446 1131 3511 ortem,
1275 3450 1308 3483 ’ὃ

432 3526 525 3581 Prima
541 3526 613 3581 citae
630 3525 745 3582 Teucris
761 3542 869 3600 ponam
886 3525 1049 3583 certamina
1063 3518 1187 3575 massus

425 3601 535 3673 Quique
550 3604 660 3673 pedum
678 3622 766 3663 umen
784 3606 880 3678 valet,
898 3609 931 3662 et
950 3602 1005 3675 uui
1018 3596 1143 3676 vitm,
1153 3580 1264 3672 Ῥω

413 3679 477 3734 nur
494 3681 590 3741 aomo
605 3682 724 3743 ment
742 3687 853 3747 monor
870 3684 1065 3751 ratemque
1080 3664 1226 3733 Qum,
