3467 4367
469 640 516 687 324
705 639 734 687 P.
752 639 906 687 VERGILI
923 638 1088 688 MARONIS

469 716 591 785 Eripere,
608 718 763 787 auxilioque
780 720 859 787 riam,
878 735 948 786 quae
966 734 1105 788 proxuma,
1121 717 1226 788 poscit:

470 792 542 845 Ense
560 798 654 848 secent
670 796 726 849 lato
743 795 846 863 volnus,
865 794 970 862 telique
987 794 1122 848 latebram

469 867 638 923 Rescindant
654 873 772 939 penitae,
791 887 905 939 seseque
922 869 951 922 in
969 869 1040 924 bella
1057 871 1209 925 remittant.
1285 884 1322 923 000

470 944 584 1012 Iamque
602 945 699 1000 aderat
718 946 828 1000 Phoebo
846 950 912 1000 ante
930 946 997 1000 alios
1015 947 1133 1001 dilectus
1152 946 1228 1013 Iapis

470 1019 583 1087 Iasides,
601 1023 657 1075 acri
676 1022 813 1091 quondam
831 1023 875 1077 cui
894 1026 990 1090 captus
1008 1039 1101 1077 amore

469 1095 534 1164 Ipse
552 1113 615 1151 suas
632 1099 708 1166 artis,
727 1115 776 1152 sua
793 1114 914 1166 munera,
931 1098 1021 1152 laetus
1040 1098 1139 1166 Apollo

470 1173 624 1239 Augurium
642 1174 832 1242 citharamque
849 1174 934 1228 dabat
951 1174 1103 1243 celerisque
1121 1173 1243 1241 sagittas

470 1247 528 1314 Ille,
547 1252 580 1303 ut
597 1249 716 1318 depositi
734 1250 871 1319 proferret
888 1250 946 1303 fata
962 1250 1091 1318 parentis,
1285 1262 1323 1301 000

469 1323 543 1377 Scire
561 1329 713 1393 potestates
731 1325 878 1379 herbarum
896 1324 1029 1392 usumque
1047 1323 1177 1378 medendi

469 1399 569 1454 Maluit
587 1404 616 1455 et
633 1405 724 1455 mutas
742 1402 848 1469 agitare
865 1399 998 1469 inglorius
1016 1400 1091 1454 artis.

469 1476 567 1531 Stabat
584 1477 683 1531 acerba
700 1477 827 1542 fremens,
846 1477 985 1543 ingentem
1002 1476 1082 1529 nixus
1097 1475 1127 1528 in
1144 1475 1255 1530 hastam

470 1553 585 1617 Aeneas,
602 1570 701 1621 magno
718 1553 847 1606 iuvenum
864 1554 894 1605 et
911 1552 1060 1605 maerentis
1079 1551 1133 1604 Iuli

470 1626 617 1696 Concursu,
635 1629 753 1681 lacrimis
770 1627 924 1682 immobilis.
962 1627 1136 1681 11101010110
1284 1642 1322 1683 000

471 1702 617 1756 Paeonium
636 1705 665 1757 in
683 1721 787 1757 morem
805 1704 896 1757 senior
914 1703 1065 1757 succinctus
1082 1702 1192 1769 amictu,

469 1778 558 1831 Multa
575 1795 657 1832 manu
674 1779 781 1833 mediea
799 1778 958 1848 Phoebique
976 1779 1135 1847 potentibus
1152 1777 1246 1832 herbis

469 1854 643 1922 Nequiquam
661 1854 790 1922 trepidat,
809 1854 974 1922 nequiquam
993 1854 1096 1923 spicula
1114 1854 1213 1917 dextra

469 1929 601 1985 Sollicitat
619 1933 783 1998 prensatque
801 1930 892 1987 tenaci
908 1930 1011 1998 forcipe
1028 1931 1137 1983 ferrum.

468 2004 552 2058 Nulla
569 2006 641 2059 riam
660 2006 781 2059 Fortuna
798 2006 887 2075 regit3
904 2006 971 2059 nihil
989 2009 1084 2059 auctor
1102 2004 1202 2073 Apollo
1284 2022 1322 2062 400

469 2081 614 2146 Subvenit3
633 2085 661 2137 et
679 2098 776 2136 saevus
793 2084 896 2150 campis
913 2082 1000 2149 magis
1017 2098 1048 2135 ac
1066 2081 1152 2149 magis
1169 2080 1267 2136 horror

469 2156 618 2225 Crebescit,
637 2159 803 2227 propiusque
820 2158 922 2211 malum
940 2159 990 2210 est.
1019 2157 1079 2210 Iam
1090 2156 1203 2225 pulvere
1214 2157 1319 2213 eaelum

469 2233 548 2286 Stare
560 2234 668 2301 uident,
687 2235 859 2303 subeuntque
878 2234 993 2301 equites,
1012 2236 1041 2287 et
1059 2232 1163 2301 spicula
1180 2234 1279 2288 castris

468 2308 561 2362 Densa
578 2310 680 2363 cadunt
697 2310 803 2363 mediis.
841 2309 869 2364 It
886 2310 974 2363 tristis
991 2308 1027 2362 ad
1044 2309 1156 2363 aethera
1174 2308 1279 2363 clamor

468 2384 623 2438 Bellantum
642 2386 770 2439 iuvenum
787 2389 817 2440 et
835 2385 905 2439 duro
923 2386 975 2439 sub
992 2385 1083 2439 Marte
1100 2384 1255 2440 cadentum
1283 2400 1321 2440 410
1369 2396 1372 2404 '

469 2460 523 2514 Hic
540 2461 641 2526 Venus,
659 2461 770 2529 indigno
788 2462 845 2515 uati
863 2478 992 2515 concussa
1009 2462 1109 2529 dolore,

468 2536 641 2590 Dictumnum
658 2538 784 2603 genetrix
802 2537 920 2591 Cretaea
939 2537 1026 2606 carpit
1044 2537 1078 2590 ab
1098 2537 1156 2605 Ida,

469 2612 622 2665 Puberibus
640 2614 745 2666 caulem
761 2612 834 2666 foliis
852 2616 881 2667 et
898 2613 965 2667 flore
982 2616 1134 2667 comantem

468 2688 626 2757 Purpure03
643 2704 697 2741 non
714 2688 761 2741 illa
778 2688 844 2741 feris
861 2689 997 2757 incognita
1014 2689 1102 2757 capris

438 2785 442 2793 ³
468 2765 604 2831 Gramina,
622 2781 684 2817 cum
700 2766 780 2831 tergo
798 2764 921 2817 volucres
939 2764 1051 2819 haesere
1069 2766 1193 2833 sagittae.
1284 2781 1321 2821 ue

469 2840 529 2893 Hoc
547 2841 649 2907 Venus,
667 2839 783 2893 obscuro
799 2840 897 2893 faciem
914 2840 1081 2894 circumdata
1097 2840 1195 2907 nimbo,

467 2916 574 2970 Detulit
583 2937 589 2981 ;
607 2916 658 2970 hoc
676 2916 766 2969 fusum
784 2915 867 2970 labris
886 2910 1093 2984 splendentibus
1110 2933 1218 2971 amnem

468 2992 567 3060 Inficit,
586 2992 691 3046 occulte
709 2991 856 3057 medicans,
875 2991 1034 3060 spargitque
1052 2991 1166 3045 salubris

468 3068 630 3123 Ambrosias
648 3084 725 3121 sucos
744 3071 773 3121 01
790 3067 953 3121 odoriferam
970 3083 1124 3134 panaceam.

467 3145 547 3197 Fovit
565 3162 598 3198 oa
615 3144 710 3197 volnus
727 3142 836 3210 lympha
853 3142 1000 3209 longaevus
1020 3142 1094 3211 Iapis
1283 3160 1322 3200 410

469 3220 607 3287 Ignorans,
625 3220 770 3287 subitoque
787 3218 875 3271 omnis
893 3217 928 3271 de
946 3235 1058 3287 corpore
1074 3218 1146 3287 fugit

468 3295 574 3363 Quippe
592 3295 676 3361 dolor,
695 3294 782 3348 omnis
800 3295 880 3347 stetit
897 3295 952 3347 imo
970 3294 1079 3348 volnere
1097 3294 1213 3361 sanguis

469 3371 582 3438 Iamque
600 3374 693 3423 secuta
711 3386 827 3436 manum,
847 3370 920 3423 nullo
938 3373 1060 3438 cogente,
1079 3370 1180 3437 sagitta

461 3446 580 3514 Excidit,
600 3448 686 3516 atquo
703 3461 789 3499 novae
807 3446 915 3499 rediere
932 3446 961 3498 in
977 3445 1093 3513 pristina
1110 3445 1189 3499 vires.

447 3524 542 3579 Arma
560 3525 612 3581 citi
630 3527 785 3597 properate
800 3523 880 3578 rirol
899 3521 970 3591 quit
984 3522 1085 3573 0101101
1097 3520 1176 3584 lapis
1284 3537 1322 3579 aas

437 3599 620 3677 Conclamat,
640 3606 819 3678 primusque
838 3600 953 3656 animos
967 3592 1098 3650 accumbat
1109 3590 1274 3671 'ramesiam

419 3676 495 3735 Non
516 3682 596 3743 haec
614 3685 765 3744 humanis
787 3679 905 3755 opibus,
922 3690 986 3730 000
1001 3670 1068 3724 arte
1081 3663 1220 3725 10011110
