3467 4367
681 633 866 681 AENEIDOS
884 632 953 680 LIB.
973 633 1010 682 ΙΙ.
1228 634 1273 682 111

422 716 525 783 incipio
542 714 696 786 superbis:
716 714 840 780 Iuvenes,
857 712 1006 766 fortissima
1022 713 1124 767 frustra

419 791 543 857 Pectora,
561 791 585 843 si
602 790 679 843 vobis
696 790 843 844 audentem
861 793 986 843 extrema
1003 790 1101 857 cupido

418 866 504 921 Gerta
521 866 606 934 sequi,
624 883 695 935 quae
713 866 750 919 sit
769 866 850 920 rebus
868 867 979 920 fortuna
996 866 1109 921 videtis:
1237 880 1275 921 350

418 943 568 996 Excessere
585 949 687 1008 omnes,
706 942 796 1010 adytis
813 943 923 1010 arisque
941 942 1053 1009 relictis,

418 1017 460 1084 Di,
480 1018 578 1087 quibus
595 1018 730 1086 inperium
747 1018 798 1071 hoc
815 1021 947 1083 steterat;
965 1019 1124 1073 succurritis
1140 1018 1202 1073 urbi

418 1094 563 1160 Incensae3
581 1095 735 1161 moriamur,
754 1097 784 1148 ot
801 1094 829 1147 in
847 1093 939 1148 media
956 1111 1033 1149 arma
1050 1111 1168 1149 ruamus,

418 1170 481 1224 Una
497 1170 572 1224 salus
588 1171 674 1235 victis,
693 1171 795 1224 nullam
813 1187 925 1239 sperare
942 1171 1064 1225 sulutem.

417 1245 463 1300 sie
474 1246 571 1300 animis
582 1247 710 1300 iuvenum
721 1247 797 1300 furor
809 1246 928 1301 additus.
966 1247 1044 1316 Inde,
1056 1247 1113 1315 lupi
1126 1262 1177 1301 ceu
1200 1265 1203 1270 ’
1238 1260 1275 1302 ³55

417 1322 555 1390 Raptores
572 1327 633 1377 atra
650 1323 679 1375 iu
697 1322 804 1389 nebula,
823 1339 892 1391 quos
910 1323 1025 1395 inproba
1042 1322 1147 1377 ventris

417 1397 519 1466 Exegit
537 1414 634 1470 caecos
648 1399 746 1466 rabies,
764 1399 905 1467 catulique
923 1399 1012 1453 relicti

417 1469 553 1528 Faucibus
571 1473 732 1543 exspectant
749 1475 834 1540 siccis,
853 1491 904 1543 per
921 1475 986 1542 tela,
1003 1492 1053 1543 per
1071 1475 1158 1529 bostis

418 1550 551 1603 Vadimus
569 1551 643 1603 haud
661 1550 772 1604 dubiam
787 1551 815 1603 in
830 1554 955 1618 mortem,
973 1552 1134 1620 mediaeque
1148 1554 1274 1605 tenemus

416 1624 502 1678 Urbis
518 1627 586 1691 iter;
604 1643 657 1679 nox
675 1631 737 1681 atra
753 1643 819 1681 cava
835 1627 1012 1687 circumvolat
1029 1626 1154 1703 umbrad,
1237 1639 1275 1680 set

418 1702 485 1766 Quis
503 1702 608 1757 cladem
626 1702 697 1755 illius
715 1703 810 1767 noctis,
828 1704 890 1771 quis
907 1704 1005 1758 funera
1022 1704 1104 1757 faudo

417 1778 550 1846 Explicet,
568 1782 617 1833 uut
634 1779 721 1847 possit
739 1779 858 1832 lacrimis
876 1796 995 1847 aequare
1013 1780 1140 1834 laboresl

417 1852 492 1907 Urbs
509 1854 622 1922 antiqua
640 1855 703 1920 ruit,
722 1855 822 1909 multos
839 1856 978 1909 dominata
996 1873 1045 1924 per
1063 1871 1163 1921 annos3

418 1929 539 1983 Plurima
555 1946 659 1999 perque
677 1931 734 1983 vius
752 1934 913 1985 sternuntur
931 1932 1030 1985 inertis
1047 1932 1150 2000 passim

404 2003 538 2073 ·Oorpom
555 2022 660 2075 perque
680 2007 775 2060 domos
793 2009 822 2059 ct
840 2006 968 2080 religiosa
986 2006 1101 2061 deorum
1237 2022 1293 2076 tus,

416 2079 531 2134 Limina
545 2082 616 2136 Nec
633 2081 684 2134 soli
701 2098 803 2149 poenas
820 2080 889 2134 dant
906 2082 1037 2149 sunguine
1055 2084 1166 2150 Teucri3

417 2155 559 2219 Quondam
577 2157 662 2211 etiam
681 2157 757 2210 victis
776 2156 850 2210 redit
869 2157 897 2210 in
915 2158 1076 2225 praecordia
1093 2160 1182 2213 virtus
1288 2215 1291 2220 ,
1314 2207 1333 2244 ,Κ

416 2232 599 2300 Victoresque
617 2232 719 2285 cadunt
738 2232 833 2285 Danai.
870 2232 996 2286 Crudelis
1016 2233 1118 2303 ubique
1153 2279 1155 2284 .
1219 2265 1227 2300 ·.
1245 2247 1302 2302 ry·

415 2307 527 2375 Luctus,
544 2308 645 2375 ubique
663 2323 754 2375 pavor,
774 2310 803 2361 ct
821 2308 939 2376 plurima
956 2309 1052 2363 mortis
1070 2310 1209 2394 imagoq‘q‘·
1227 2306 1241 2320 “’

418 2384 430 2395 “
451 2384 558 2436 Primus
577 2400 613 2449 se,
633 2384 757 2436 Danaum
776 2400 877 2451 magna
895 2384 1042 2439 comitante
1060 2389 1177 2453 caterva,
1234 2401 1272 2443 ³70

415 2460 580 2527 Androgeos
597 2459 677 2513 offert
695 2458 779 2527 nobis,
797 2460 871 2513 socia
888 2460 997 2528 agmina
1015 2463 1130 2517 credens

416 2536 529 2602 Inscius,
546 2541 629 2604 atque
647 2536 720 2590 ultro
738 2536 828 2589 verbis
846 2536 992 2604 oompellat
1010 2538 1117 2593 amicis:
1174 2604 1177 2609 Ι
1273 2597 1276 2602 ,

416 2611 564 2679 Festinato,
582 2614 640 2667 viri
677 2613 748 2665 Nam
767 2630 838 2681 quae
855 2616 913 2667 tam
931 2631 993 2668 sera
1011 2612 1139 2669 moratur

415 2688 551 2755 Segnities
559 2691 568 2743 l
587 2689 634 2741 alii
652 2689 763 2757 rapiunt
781 2690 891 2743 incensu
909 2690 1057 2759 feruntque

415 2765 566 2831 Pergama;
583 2781 631 2817 vos
648 2764 728 2818 celsis
745 2782 816 2818 nunc
834 2766 953 2833 primum
971 2783 988 2820 e
1005 2767 1122 2821 naribus
1139 2767 1193 2823 itis.
1236 2782 1273 2823 ³75

416 2839 502 2907 Dixit,
521 2843 550 2893 et
567 2840 714 2907 extemplo,
733 2841 912 2907 nequeenim
932 2858 1062 2910 responsa
1080 2843 1216 2898 dabuntur

417 2914 488 2968 Fida
504 2915 578 2981 satis,
596 2916 681 2968 sensit
699 2915 804 2968 medios
822 2917 951 2985 delapsus
969 2918 997 2971 in
1015 2919 1109 2973 hostis.

415 2990 565 3059 Obstipuit,
583 2994 712 3066 retroque
730 2991 830 3058 podem
848 3009 910 3045 cum
928 3009 994 3047 voce
1012 2996 1152 3065 repressit.

415 3066 591 3135 Inprovisum
609 3068 696 3136 aspris
714 3067 799 3121 veluti
817 3068 863 3136 qui
875 3069 1005 3138 ,sentibus
1023 3088 1141 3139 anguem

415 3143 521 3197 Pressit
538 3144 615 3197 humi
634 3144 733 3211 nitens,
752 3143 932 3213 trepidusque
950 3150 1064 3214 reponte
1082 3148 1183 3215 refugit
1235 3162 1273 3204 aso

415 3220 599 3274 Attollentem
617 3220 672 3273 iras
690 3223 719 3273 et
737 3220 846 3274 caerula
864 3220 932 3274 colla
949 3224 1116 3287 tumentem;

414 3295 501 3350 Haud
519 3312 597 3350 secus
617 3296 780 3363 Androgeos
798 3296 859 3349 visu
876 3298 1052 3351 tremefactus
1070 3298 1170 3353 abibat

414 3372 562 3441 Inruimus,
580 3371 673 3426 densis
692 3374 722 3425 ot
739 3372 983 3426 circumfundimur
999 3375 1090 3442 armis,
1154 3343 1214 3393 s

414 3449 587 3518 Ignarosque
605 3448 657 3502 loci
674 3446 777 3517 passim
794 3452 825 3503 et
841 3448 990 3505 formidine
1007 3454 1109 3520 captos

411 3524 572 3578 sternimus.
608 3523 751 3594 Adspirat
767 3525 861 3597 primo
880 3527 1001 3585 fortuna
1015 3528 1126 3583 labori.
1245 3576 1249 3583 .
1272 3525 1320 3561 Ἥ»

397 3599 499 3664 Atque
515 3599 562 3652 bic
578 3616 712 3657 successu
732 3604 888 3662 exsultans
909 3606 1082 3674 animisque
1099 3594 1276 3654 onmem*

388 3668 415 3720 0
432 3671 508 3739 socii,
526 3690 586 3742 qua
601 3676 708 3748 prima,
730 3681 843 3756 inquit,
860 3684 998 3743 fortuna
1013 3678 1131 3737 seruus
1157 3732 1160 3736 .
