3467 4367
675 621 859 672 AENEIDOS
876 620 945 670 LIB.
965 622 1019 672 III.
1229 623 1275 671 135

424 709 460 762 m
477 722 575 761 conum
593 703 706 773 insignis
723 703 818 772 galeae
836 701 989 771 cristasque
1008 702 1148 771 comantis,

424 786 512 838 Arma
530 779 712 851 Neoptolemi.
749 780 820 833 Sunt
838 782 868 833 et
887 796 936 833 sua
953 780 1026 833 dona
1042 779 1159 848 parenti.

423 859 515 913 Addit
532 875 624 928 equos,
642 856 782 925 additque*
794 855 893 922 duces;
1239 868 1277 909 ero

423 936 581 1004 Remigium
599 934 720 1003 supplet;
740 935 826 988 socios
843 934 924 987 simul
941 933 1054 989 instruit
1071 934 1160 987 armis.

459 1012 571 1065 Interea
589 1011 703 1065 classem
721 1011 788 1064 velis
806 1013 903 1079 aptare
921 1010 1035 1065 iubebat

424 1088 566 1155 Anchises,
584 1087 664 1141 fieret
682 1090 764 1141 vento
782 1104 859 1141 mora
877 1104 912 1141 ne
931 1104 985 1156 qua
1002 1088 1108 1142 ferenti.

424 1164 511 1228 Quem
530 1162 635 1217 Phoebi
652 1163 790 1233 interpres
807 1163 894 1217 multo
913 1164 1058 1231 compellat
1075 1164 1190 1217 honore:

423 1240 563 1309 Coniugio,
583 1239 714 1307 Anchise,
734 1239 850 1293 Veneris
868 1239 982 1308 dignate
1001 1242 1138 1324 superbo&

424 1317 498 1371 Cura
515 1316 605 1384 deum,
622 1316 664 1369 bis
683 1315 840 1384 Pergameis
858 1318 954 1384 erepte
972 1317 1065 1385 ruinis,

424 1394 494 1447 Ecce
511 1393 563 1447 tibi
582 1393 721 1447 Ausoniae
739 1392 836 1457 tellus;
853 1392 923 1445 hanc
942 1393 1032 1461 arripe
1049 1393 1124 1449 velis.

424 1470 461 1524 Et
478 1474 572 1523 tamen
590 1468 659 1523 hanc
676 1468 773 1537 pelago
790 1467 996 1537 praeterlabare
1015 1486 1124 1524 necesse
1141 1474 1198 1538 est;

424 1547 563 1600 Ausoniae
580 1561 644 1613 pars
661 1545 708 1597 illa
724 1544 826 1613 procul,
846 1560 930 1613 quam
948 1544 1046 1613 pandit
1064 1546 1170 1615 Apollo.
1277 1558 1280 1563 ·

423 1621 511 1688 Vade,
529 1622 576 1689 ait,
595 1638 611 1674 o
628 1621 694 1674 felix
712 1621 771 1675 nati
788 1621 902 1689 pietate.
939 1621 1012 1686 Quid
1029 1622 1102 1677 ultra
1239 1637 1277 1677 aso

424 1698 563 1751 Provehor
581 1700 611 1751 et
628 1697 710 1751 faudo
728 1698 866 1765 surgentis
885 1697 1012 1752 demoror
1030 1702 1155 1756 austrosi

423 1773 484 1827 Nec
500 1775 590 1827 minus
609 1772 808 1840 Andromache,
827 1773 953 1841 digressu
971 1780 1077 1831 maesta
1095 1793 1228 1847 supremo,

424 1849 491 1903 Fert
509 1850 660 1919 picturatas
678 1849 738 1902 ami
756 1848 909 1904 subtemine
927 1856 1017 1906 vestes

423 1924 460 1980 m
478 1925 625 1995 Phrygiam
644 1927 763 1980 Ascanio
781 1926 960 2000 chlamydem,
979 1946 1029 1983 nec
1047 1929 1120 1985 cedit
1137 1930 1238 2000 honori,

423 2002 629 2071 Textilibusqne
647 2005 744 2056 onerat
762 2002 849 2071 donis,
867 2020 899 2057 ac
917 2004 985 2057 talia
1002 2005 1088 2062 fatur:
1239 2021 1277 2059 aaa

424 2080 527 2148 Accipe
539 2083 568 2133 et
579 2080 654 2146 haec,
666 2096 795 2133 manuum
807 2079 858 2132 tibi
872 2095 942 2148 quae
955 2086 1130 2136 monumenta
1141 2100 1264 2137 mearum

424 2155 492 2225 Sint,
503 2172 579 2224 puer,
592 2158 621 2208 et
633 2156 744 2222 longum
758 2155 968 2209 Andromachae
980 2160 1118 2211 testentur
1129 2175 1258 2224 amorem,

423 2232 553 2301 Coniugis
571 2232 733 2285 Hectoreae.
768 2232 842 2299 Cape
860 2231 932 2284 dona
949 2236 1073 2286 extrema
1090 2238 1206 2299 tuorum,

424 2309 449 2363 0
466 2309 534 2363 mihi
552 2309 608 2363 sola
626 2309 681 2361 mei
699 2324 782 2377 super
800 2309 975 2375 Astyanactis
993 2309 1088 2378 imago.

423 2384 469 2441 Sic
486 2386 585 2454 oculos,
603 2385 642 2438 sic
658 2384 705 2438 ille
722 2400 825 2450 manus,
844 2384 882 2437 sic
900 2400 947 2437 ora
965 2385 1084 2451 ferebat3
1240 2401 1278 2442 eoo

424 2463 462 2516 Et
479 2478 549 2516 nunc
567 2461 674 2532 aequali
692 2465 784 2515 tecum
801 2459 965 2529 pubesceret
983 2478 1055 2516 aevo.

424 2538 485 2594 Hos
503 2554 553 2606 ego
571 2537 729 2606 digrediens
746 2536 863 2590 lacrimis
881 2536 995 2590 adfabar
1013 2538 1130 2596 obortis:

424 2615 517 2670 vivite
535 2614 635 2681 feliceS,
655 2614 754 2683 quibus
772 2618 815 2668 est
831 2614 942 2667 fortuna
959 2619 1071 2682 peracta

425 2690 486 2760 Iam
504 2708 565 2755 sua;
585 2707 634 2744 nos
651 2690 705 2743 alia
722 2707 757 2743 cx
776 2690 835 2743 aliis
852 2690 880 2742 in
898 2691 955 2744 fata
973 2708 1106 2746 vocamur.

424 2767 511 2822 Vobis
528 2771 609 2835 parta
626 2767 718 2835 quies;
735 2766 839 2819 nullum
856 2767 940 2820 maris
957 2785 1059 2837 aequor
1077 2769 1216 2831 arandum,
1240 2782 1276 2820 sos

425 2845 501 2899 Arva
517 2860 606 2913 neque
625 2842 765 2896 Ausoniae
784 2858 894 2911 semper
912 2843 1038 2898 cedentia
1057 2848 1130 2897 retro

425 2920 596 2986 Quaerenda.
633 2919 758 2986 Effigiem
776 2917 881 2971 Xanthi
900 2919 1063 2989 Troiamque
1082 2919 1188 2987 vidctis,
1251 2944 1263 2956 r

425 2997 512 3061 Quam
531 2999 639 3051 vestrae
657 2995 747 3048 iecere
764 3011 868 3061 manus,
888 2994 1052 3062 melioribus,
1071 3001 1142 3065 optn,

426 3073 571 3142 Auspiciis,
590 3075 619 3126 et
637 3088 708 3141 quae
725 3071 809 3125 fuerit
827 3071 918 3124 minus
936 3071 1015 3125 obvia
1033 3072 1128 3126 Graiis.

425 3145 455 3204 Si
473 3150 582 3218 qnando
600 3148 729 3217 Thybrim
746 3147 890 3216 vicinaque
909 3148 1055 3218 Thybridis
1072 3166 1136 3203 arva
1241 3162 1278 3203 ooo

426 3226 536 3279 Intraro
553 3226 685 3294 gentique
702 3241 781 3278 meae
799 3224 865 3279 data
884 3226 991 3279 moenia
1009 3242 1125 3291 cernam,

425 3302 561 3369 Cognatas
579 3301 662 3355 urbes
680 3300 745 3354 olim
763 3303 932 3373 populosque
950 3303 1121 3372 propinquos,

425 3378 516 3446 Epiro,
535 3378 678 3445 Hesperia,
697 3378 798 3446 quibus
816 3379 890 3432 idern
909 3378 1053 3431 Dardanus
1071 3381 1166 3431 auctor

426 3455 522 3522 Atque
539 3453 613 3506 idem
630 3470 717 3521 casua
734 3470 816 3507 unam
836 3454 969 3510 iaciemus
985 3457 1142 3521 utramque

425 3528 530 3581 Troiam
548 3530 660 3595 anima,-
679 3536 793 3587 maneat
811 3538 928 3590 nostros
946 3551 984 3589 ea
1001 3548 1075 3587 cura
1087 3529 1229 3595 nepetae-
1281 3527 1326 3563 iffi

446 3603 631 3661 Provehimur
646 3609 754 3679 pelago
773 3612 869 3669 vicina
888 3610 1040 3669 Ceramia
1054 3607 1160 3667 iuxta,

402 3674 485 3732 Unde
499 3679 559 3736 iter
577 3682 700 3743 Italiam
719 3704 894 3765 cursusque
912 3687 1124 3749 brevissimus
1138 3670 1250 3727 effi*
