<?xml version="1.0" encoding="UTF-8"?>
<!DOCTYPE html PUBLIC "-//W3C//DTD XHTML 1.0 Transitional//EN"
    "http://www.w3.org/TR/xhtml1/DTD/xhtml1-transitional.dtd">
<html xmlns="http://www.w3.org/1999/xhtml" xml:lang="en" lang="en">
 <head>
  <title>
</title>
<meta http-equiv="Content-Type" content="text/html;charset=utf-8" />
  <meta name='ocr-system' content='tesseract 3.04.00' />
  <meta name='ocr-capabilities' content='ocr_page ocr_carea ocr_par ocr_line ocrx_word'/>
</head>
<body>
  <div class='ocr_page' id='page_1' title='image "./publivergilimar02virggoog/publivergilimar02virggoog_0242.png"; bbox 0 0 3467 4367; ppageno 0'>
   <div class='ocr_carea' id='block_1_1' title="bbox 460 632 1177 782">
    <p class='ocr_par' dir='ltr' id='par_1_1' title="bbox 460 632 1177 782">
     <span class='ocr_line' id='line_1_1' title="bbox 460 632 1098 715; baseline -0.002 -30"><span class='ocrx_word' id='word_1_1' title='bbox 460 638 508 685; x_wconf 79' lang='lat'>282</span> <span class='ocrx_word' id='word_1_2' title='bbox 554 702 560 715; x_wconf 87' lang='lat'><em>.</em></span> <span class='ocrx_word' id='word_1_3' title='bbox 709 633 739 683; x_wconf 88' lang='lat' dir='ltr'>P.</span> <span class='ocrx_word' id='word_1_4' title='bbox 758 632 914 681; x_wconf 80' lang='lat' dir='ltr'><strong>VERGILI</strong></span> <span class='ocrx_word' id='word_1_5' title='bbox 932 633 1098 684; x_wconf 84' lang='lat' dir='ltr'>MARONIS</span> 
     </span>
     <span class='ocr_line' id='line_1_2' title="bbox 461 714 1177 782; baseline 0.003 -12"><span class='ocrx_word' id='word_1_6' title='bbox 461 716 568 771; x_wconf 82' lang='lat' dir='ltr'>Servati</span> <span class='ocrx_word' id='word_1_7' title='bbox 583 714 698 769; x_wconf 83' lang='lat' dir='ltr'>facimus</span> <span class='ocrx_word' id='word_1_8' title='bbox 715 715 884 782; x_wconf 88' lang='lat' dir='ltr'>meritosque</span> <span class='ocrx_word' id='word_1_9' title='bbox 902 732 1036 769; x_wconf 90' lang='lat' dir='ltr'>novamus</span> <span class='ocrx_word' id='word_1_10' title='bbox 1054 716 1177 773; x_wconf 88' lang='lat' dir='ltr'>honores.</span> 
     </span>
    </p>
   </div>
   <div class='ocr_carea' id='block_1_2' title="bbox 419 791 1322 3761">
    <p class='ocr_par' dir='ltr' id='par_1_2' title="bbox 419 791 1322 3761">
     <span class='ocr_line' id='line_1_3' title="bbox 462 791 1321 865; baseline 0.005 -18"><span class='ocrx_word' id='word_1_11' title='bbox 462 794 522 847; x_wconf 88' lang='lat' dir='ltr'>Iam</span> <span class='ocrx_word' id='word_1_12' title='bbox 540 792 658 862; x_wconf 88' lang='lat' dir='ltr'>primum</span> <span class='ocrx_word' id='word_1_13' title='bbox 676 792 749 845; x_wconf 85' lang='lat' dir='ltr'>saxis</span> <span class='ocrx_word' id='word_1_14' title='bbox 767 806 927 859; x_wconf 77' lang='lat' dir='ltr'>suspensam</span> <span class='ocrx_word' id='word_1_15' title='bbox 944 791 1014 846; x_wconf 90' lang='lat' dir='ltr'>hanc</span> <span class='ocrx_word' id='word_1_16' title='bbox 1033 795 1123 863; x_wconf 84' lang='lat' dir='ltr'>aspice</span> <span class='ocrx_word' id='word_1_17' title='bbox 1143 811 1248 865; x_wconf 86' lang='lat' dir='ltr'>rupem,</span> <span class='ocrx_word' id='word_1_18' title='bbox 1284 810 1321 851; x_wconf 88' lang='lat' dir='ltr'>1so</span> 
     </span>
     <span class='ocr_line' id='line_1_4' title="bbox 461 867 1175 937; baseline 0.003 -14"><span class='ocrx_word' id='word_1_19' title='bbox 461 869 600 924; x_wconf 89' lang='lat' dir='ltr'>Disiectae</span> <span class='ocrx_word' id='word_1_20' title='bbox 617 868 710 937; x_wconf 88' lang='lat' dir='ltr'>procul</span> <span class='ocrx_word' id='word_1_21' title='bbox 728 870 760 920; x_wconf 90' lang='lat' dir='ltr'>ut</span> <span class='ocrx_word' id='word_1_22' title='bbox 777 867 870 932; x_wconf 89' lang='lat' dir='ltr'>moles,</span> <span class='ocrx_word' id='word_1_23' title='bbox 890 867 1056 937; x_wconf 74' lang='lat' dir='ltr'>desertaque</span> <span class='ocrx_word' id='word_1_24' title='bbox 1075 872 1175 925; x_wconf 89' lang='lat' dir='ltr'>montis</span> 
     </span>
     <span class='ocr_line' id='line_1_5' title="bbox 462 943 1236 1012; baseline 0.001 -11"><span class='ocrx_word' id='word_1_25' title='bbox 462 946 524 1001; x_wconf 78' lang='lat' dir='ltr'>sat</span> <span class='ocrx_word' id='word_1_26' title='bbox 541 946 645 1012; x_wconf 88' lang='lat' dir='ltr'>domus,</span> <span class='ocrx_word' id='word_1_27' title='bbox 665 947 693 997; x_wconf 91' lang='lat' dir='ltr'>et</span> <span class='ocrx_word' id='word_1_28' title='bbox 711 944 813 1011; x_wconf 81' lang='lat' dir='ltr'><strong>scopuli</strong></span> <span class='ocrx_word' id='word_1_29' title='bbox 832 943 971 1012; x_wconf 86' lang='lat' dir='ltr'>ingentem</span> <span class='ocrx_word' id='word_1_30' title='bbox 993 948 1103 1001; x_wconf 86' lang='lat' dir='ltr'>traxere</span> <span class='ocrx_word' id='word_1_31' title='bbox 1121 948 1236 1005; x_wconf 87' lang='lat' dir='ltr'>ruinam.</span> 
     </span>
     <span class='ocr_line' id='line_1_6' title="bbox 463 1020 1112 1092; baseline 0 -16"><span class='ocrx_word' id='word_1_32' title='bbox 463 1022 517 1077; x_wconf 89' lang='lat' dir='ltr'>Hic</span> <span class='ocrx_word' id='word_1_33' title='bbox 534 1023 661 1092; x_wconf 87' lang='lat' dir='ltr'>spelunca</span> <span class='ocrx_word' id='word_1_34' title='bbox 677 1021 737 1087; x_wconf 85' lang='lat' dir='ltr'>luit,</span> <span class='ocrx_word' id='word_1_35' title='bbox 755 1023 832 1073; x_wconf 88' lang='lat' dir='ltr'>vasto</span> <span class='ocrx_word' id='word_1_36' title='bbox 850 1020 978 1074; x_wconf 89' lang='lat' dir='ltr'>submota</span> <span class='ocrx_word' id='word_1_37' title='bbox 996 1038 1112 1091; x_wconf 87' lang='lat' dir='ltr'>recessu,</span> 
     </span>
     <span class='ocr_line' id='line_1_7' title="bbox 462 1096 1153 1167; baseline 0 -14"><span class='ocrx_word' id='word_1_38' title='bbox 462 1098 650 1153; x_wconf 78' lang='lat' dir='ltr'>Semihominis</span> <span class='ocrx_word' id='word_1_39' title='bbox 668 1096 733 1151; x_wconf 78' lang='lat' dir='ltr'>(laci</span> <span class='ocrx_word' id='word_1_40' title='bbox 749 1097 833 1150; x_wconf 85' lang='lat' dir='ltr'>facies</span> <span class='ocrx_word' id='word_1_41' title='bbox 851 1114 933 1165; x_wconf 89' lang='lat' dir='ltr'>quam</span> <span class='ocrx_word' id='word_1_42' title='bbox 953 1096 1014 1150; x_wconf 89' lang='lat' dir='ltr'>dira</span> <span class='ocrx_word' id='word_1_43' title='bbox 1032 1099 1153 1167; x_wconf 86' lang='lat' dir='ltr'>tenebat,</span> 
     </span>
     <span class='ocr_line' id='line_1_8' title="bbox 462 1173 1322 1242; baseline 0.006 -14"><span class='ocrx_word' id='word_1_44' title='bbox 462 1174 532 1229; x_wconf 82' lang='lat' dir='ltr'>Solis</span> <span class='ocrx_word' id='word_1_45' title='bbox 549 1175 713 1228; x_wconf 75' lang='lat' dir='ltr'><strong>inaccessam</strong></span> <span class='ocrx_word' id='word_1_46' title='bbox 731 1173 832 1238; x_wconf 89' lang='lat' dir='ltr'>radiis;</span> <span class='ocrx_word' id='word_1_47' title='bbox 851 1190 1013 1242; x_wconf 83' lang='lat' dir='ltr'>semperque</span> <span class='ocrx_word' id='word_1_48' title='bbox 1032 1175 1136 1229; x_wconf 82' lang='lat' dir='ltr'>recenti</span> <span class='ocrx_word' id='word_1_49' title='bbox 1284 1194 1322 1233; x_wconf 80' lang='lat' dir='ltr'>sss</span> 
     </span>
     <span class='ocr_line' id='line_1_9' title="bbox 462 1249 1239 1321; baseline 0.001 -15"><span class='ocrx_word' id='word_1_50' title='bbox 462 1250 554 1306; x_wconf 81' lang='lat' dir='ltr'>Caede</span> <span class='ocrx_word' id='word_1_51' title='bbox 571 1251 685 1320; x_wconf 88' lang='lat' dir='ltr'>tepebat</span> <span class='ocrx_word' id='word_1_52' title='bbox 702 1249 808 1317; x_wconf 85' lang='lat' dir='ltr'>humus,</span> <span class='ocrx_word' id='word_1_53' title='bbox 826 1249 985 1317; x_wconf 83' lang='lat' dir='ltr'>foribusque</span> <span class='ocrx_word' id='word_1_54' title='bbox 1003 1249 1094 1304; x_wconf 82' lang='lat' dir='ltr'>adfixa</span> <span class='ocrx_word' id='word_1_55' title='bbox 1112 1251 1239 1321; x_wconf 87' lang='lat' dir='ltr'>superbis</span> 
     </span>
     <span class='ocr_line' id='line_1_10' title="bbox 463 1325 1106 1395; baseline 0.002 -14"><span class='ocrx_word' id='word_1_56' title='bbox 463 1325 519 1381; x_wconf 87' lang='lat' dir='ltr'>Ora</span> <span class='ocrx_word' id='word_1_57' title='bbox 536 1327 625 1380; x_wconf 88' lang='lat' dir='ltr'>virum</span> <span class='ocrx_word' id='word_1_58' title='bbox 642 1326 716 1381; x_wconf 88' lang='lat' dir='ltr'>tristi</span> <span class='ocrx_word' id='word_1_59' title='bbox 734 1325 893 1395; x_wconf 81' lang='lat' dir='ltr'>pendebant</span> <span class='ocrx_word' id='word_1_60' title='bbox 912 1326 1015 1393; x_wconf 81' lang='lat' dir='ltr'>pallida</span> <span class='ocrx_word' id='word_1_61' title='bbox 1033 1326 1106 1382; x_wconf 88' lang='lat' dir='ltr'>tabo.</span> 
     </span>
     <span class='ocr_line' id='line_1_11' title="bbox 463 1402 1212 1470; baseline 0.003 -13"><span class='ocrx_word' id='word_1_62' title='bbox 463 1402 536 1457; x_wconf 85' lang='lat' dir='ltr'>Huic</span> <span class='ocrx_word' id='word_1_63' title='bbox 552 1406 675 1457; x_wconf 90' lang='lat' dir='ltr'>monstro</span> <span class='ocrx_word' id='word_1_64' title='bbox 696 1402 831 1455; x_wconf 80' lang='lat' dir='ltr'>Volcanus</span> <span class='ocrx_word' id='word_1_65' title='bbox 848 1404 910 1455; x_wconf 87' lang='lat' dir='ltr'>erat</span> <span class='ocrx_word' id='word_1_66' title='bbox 928 1405 1026 1470; x_wconf 86' lang='lat' dir='ltr'>pater:</span> <span class='ocrx_word' id='word_1_67' title='bbox 1045 1403 1117 1457; x_wconf 91' lang='lat' dir='ltr'>illius</span> <span class='ocrx_word' id='word_1_68' title='bbox 1135 1407 1212 1460; x_wconf 88' lang='lat' dir='ltr'>atros</span> 
     </span>
     <span class='ocr_line' id='line_1_12' title="bbox 463 1477 1125 1547; baseline 0 -14"><span class='ocrx_word' id='word_1_69' title='bbox 463 1477 519 1533; x_wconf 89' lang='lat' dir='ltr'>Ore</span> <span class='ocrx_word' id='word_1_70' title='bbox 536 1496 647 1533; x_wconf 90' lang='lat' dir='ltr'>vomens</span> <span class='ocrx_word' id='word_1_71' title='bbox 663 1478 735 1547; x_wconf 81' lang='lat' dir='ltr'>ignis</span> <span class='ocrx_word' id='word_1_72' title='bbox 752 1494 852 1545; x_wconf 83' lang='lat' dir='ltr'>magna</span> <span class='ocrx_word' id='word_1_73' title='bbox 870 1494 900 1530; x_wconf 91' lang='lat' dir='ltr'>sc</span> <span class='ocrx_word' id='word_1_74' title='bbox 918 1477 990 1531; x_wconf 92' lang='lat' dir='ltr'>molc</span> <span class='ocrx_word' id='word_1_75' title='bbox 1009 1478 1125 1533; x_wconf 87' lang='lat' dir='ltr'>ferebat.</span> 
     </span>
     <span class='ocr_line' id='line_1_13' title="bbox 463 1553 1322 1622; baseline -0.002 -12"><span class='ocrx_word' id='word_1_76' title='bbox 463 1556 570 1609; x_wconf 77' lang='lat' dir='ltr'>Attulit</span> <span class='ocrx_word' id='word_1_77' title='bbox 588 1559 617 1610; x_wconf 90' lang='lat' dir='ltr'>et</span> <span class='ocrx_word' id='word_1_78' title='bbox 633 1554 713 1608; x_wconf 90' lang='lat' dir='ltr'>nobis</span> <span class='ocrx_word' id='word_1_79' title='bbox 730 1553 876 1622; x_wconf 87' lang='lat' dir='ltr'>aliqnando</span> <span class='ocrx_word' id='word_1_80' title='bbox 894 1553 1052 1622; x_wconf 87' lang='lat' dir='ltr'>optantibus</span> <span class='ocrx_word' id='word_1_81' title='bbox 1070 1559 1147 1609; x_wconf 87' lang='lat' dir='ltr'>aetas</span> <span class='ocrx_word' id='word_1_82' title='bbox 1285 1572 1322 1613; x_wconf 84' lang='lat' dir='ltr'>ato</span> 
     </span>
     <span class='ocr_line' id='line_1_14' title="bbox 464 1629 1269 1703; baseline 0.005 -19"><span class='ocrx_word' id='word_1_83' title='bbox 464 1631 604 1685; x_wconf 81' lang='lat' dir='ltr'>Auxilium</span> <span class='ocrx_word' id='word_1_84' title='bbox 621 1630 825 1697; x_wconf 74' lang='lat' dir='ltr'>adventumque</span> <span class='ocrx_word' id='word_1_85' title='bbox 843 1629 896 1682; x_wconf 90' lang='lat' dir='ltr'>dei.</span> <span class='ocrx_word' id='word_1_86' title='bbox 918 1652 922 1656; x_wconf 96' lang='lat'>·</span> <span class='ocrx_word' id='word_1_87' title='bbox 936 1629 1004 1682; x_wconf 90' lang='lat' dir='ltr'>Nam</span> <span class='ocrx_word' id='word_1_88' title='bbox 1024 1648 1167 1686; x_wconf 88' lang='lat' dir='ltr'>maxumus</span> <span class='ocrx_word' id='word_1_89' title='bbox 1184 1632 1269 1703; x_wconf 84' lang='lat' dir='ltr'>ultor,</span> 
     </span>
     <span class='ocr_line' id='line_1_15' title="bbox 462 1705 1185 1782; baseline 0.001 -22"><span class='ocrx_word' id='word_1_90' title='bbox 462 1706 616 1782; x_wconf 68' lang='lat' dir='ltr'>Tergemini</span> <span class='ocrx_word' id='word_1_91' title='bbox 634 1723 701 1759; x_wconf 89' lang='lat' dir='ltr'>nece</span> <span class='ocrx_word' id='word_1_92' title='bbox 719 1706 859 1773; x_wconf 83' lang='lat' dir='ltr'>Geryonae</span> <span class='ocrx_word' id='word_1_93' title='bbox 878 1705 1024 1774; x_wconf 86' lang='lat' dir='ltr'>spoliisque</span> <span class='ocrx_word' id='word_1_94' title='bbox 1043 1707 1185 1776; x_wconf 86' lang='lat' dir='ltr'>superbus,</span> 
     </span>
     <span class='ocr_line' id='line_1_16' title="bbox 463 1781 1160 1851; baseline 0.003 -16"><span class='ocrx_word' id='word_1_95' title='bbox 463 1781 576 1835; x_wconf 88' lang='lat' dir='ltr'>Alcides</span> <span class='ocrx_word' id='word_1_96' title='bbox 593 1781 698 1849; x_wconf 88' lang='lat' dir='ltr'>aderat,</span> <span class='ocrx_word' id='word_1_97' title='bbox 716 1785 865 1849; x_wconf 88' lang='lat' dir='ltr'>taurosque</span> <span class='ocrx_word' id='word_1_98' title='bbox 883 1782 934 1835; x_wconf 92' lang='lat' dir='ltr'>hac</span> <span class='ocrx_word' id='word_1_99' title='bbox 953 1781 1041 1835; x_wconf 89' lang='lat' dir='ltr'>victor</span> <span class='ocrx_word' id='word_1_100' title='bbox 1060 1782 1160 1851; x_wconf 84' lang='lat' dir='ltr'>agebat</span> 
     </span>
     <span class='ocr_line' id='line_1_17' title="bbox 463 1856 1210 1926; baseline 0.003 -15"><span class='ocrx_word' id='word_1_101' title='bbox 463 1857 593 1926; x_wconf 82' lang='lat' dir='ltr'>Ingentis,</span> <span class='ocrx_word' id='word_1_102' title='bbox 611 1857 765 1926; x_wconf 90' lang='lat' dir='ltr'>vallemque</span> <span class='ocrx_word' id='word_1_103' title='bbox 782 1856 867 1910; x_wconf 87' lang='lat' dir='ltr'>boves</span> <span class='ocrx_word' id='word_1_104' title='bbox 887 1874 1052 1926; x_wconf 87' lang='lat' dir='ltr'>amnemque</span> <span class='ocrx_word' id='word_1_105' title='bbox 1070 1859 1210 1915; x_wconf 86' lang='lat' dir='ltr'>tenebant.</span> 
     </span>
     <span class='ocr_line' id='line_1_18' title="bbox 463 1933 1321 2001; baseline 0.005 -14"><span class='ocrx_word' id='word_1_106' title='bbox 463 1934 504 1987; x_wconf 88' lang='lat' dir='ltr'>At</span> <span class='ocrx_word' id='word_1_107' title='bbox 519 1933 597 1987; x_wconf 84' lang='lat' dir='ltr'>furiis</span> <span class='ocrx_word' id='word_1_108' title='bbox 616 1933 680 1987; x_wconf 83' lang='lat' dir='ltr'>Caci</span> <span class='ocrx_word' id='word_1_109' title='bbox 697 1949 774 1985; x_wconf 89' lang='lat' dir='ltr'>mens</span> <span class='ocrx_word' id='word_1_110' title='bbox 792 1933 883 2000; x_wconf 85' lang='lat' dir='ltr'>effera,</span> <span class='ocrx_word' id='word_1_111' title='bbox 903 1950 938 1987; x_wconf 87' lang='lat' dir='ltr'>ne</span> <span class='ocrx_word' id='word_1_112' title='bbox 957 1933 1024 2001; x_wconf 91' lang='lat' dir='ltr'>quid</span> <span class='ocrx_word' id='word_1_113' title='bbox 1042 1935 1165 1987; x_wconf 88' lang='lat' dir='ltr'>inausum</span> <span class='ocrx_word' id='word_1_114' title='bbox 1284 1951 1321 1991; x_wconf 82' lang='lat' dir='ltr'>aas</span> 
     </span>
     <span class='ocr_line' id='line_1_19' title="bbox 463 2008 1112 2078; baseline 0.002 -15"><span class='ocrx_word' id='word_1_115' title='bbox 463 2010 522 2063; x_wconf 92' lang='lat' dir='ltr'>Aut</span> <span class='ocrx_word' id='word_1_116' title='bbox 538 2010 717 2064; x_wconf 90' lang='lat' dir='ltr'>intractatum</span> <span class='ocrx_word' id='word_1_117' title='bbox 735 2008 880 2063; x_wconf 77' lang='lat' dir='ltr'>scelerisve</span> <span class='ocrx_word' id='word_1_118' title='bbox 901 2009 989 2063; x_wconf 91' lang='lat' dir='ltr'>dolivc</span> <span class='ocrx_word' id='word_1_119' title='bbox 1008 2010 1112 2078; x_wconf 70' lang='lat' dir='ltr'>diisset,</span> 
     </span>
     <span class='ocr_line' id='line_1_20' title="bbox 462 2084 1179 2155; baseline 0.001 -15"><span class='ocrx_word' id='word_1_120' title='bbox 462 2084 598 2151; x_wconf 78' lang='lat' dir='ltr'>Quattuor</span> <span class='ocrx_word' id='word_1_121' title='bbox 615 2102 632 2138; x_wconf 90' lang='lat' dir='ltr'>a</span> <span class='ocrx_word' id='word_1_122' title='bbox 649 2085 763 2139; x_wconf 90' lang='lat' dir='ltr'>stabulis</span> <span class='ocrx_word' id='word_1_123' title='bbox 780 2085 934 2154; x_wconf 78' lang='lat' dir='ltr'>praestanti</span> <span class='ocrx_word' id='word_1_124' title='bbox 953 2103 1066 2155; x_wconf 85' lang='lat' dir='ltr'>corpore</span> <span class='ocrx_word' id='word_1_125' title='bbox 1085 2090 1179 2141; x_wconf 87' lang='lat' dir='ltr'>tauros</span> 
     </span>
     <span class='ocr_line' id='line_1_21' title="bbox 463 2162 1138 2230; baseline 0 -14"><span class='ocrx_word' id='word_1_126' title='bbox 463 2162 581 2230; x_wconf 79' lang='lat' dir='ltr'>Avertit,</span> <span class='ocrx_word' id='word_1_127' title='bbox 600 2162 717 2217; x_wconf 88' lang='lat' dir='ltr'>totidem</span> <span class='ocrx_word' id='word_1_128' title='bbox 735 2162 823 2214; x_wconf 84' lang='lat' dir='ltr'>forma</span> <span class='ocrx_word' id='word_1_129' title='bbox 839 2166 987 2229; x_wconf 85' lang='lat' dir='ltr'>superante</span> <span class='ocrx_word' id='word_1_130' title='bbox 1005 2162 1138 2216; x_wconf 90' lang='lat' dir='ltr'>iuveneas.</span> 
     </span>
     <span class='ocr_line' id='line_1_22' title="bbox 462 2237 1242 2309; baseline 0.003 -17"><span class='ocrx_word' id='word_1_131' title='bbox 462 2238 556 2307; x_wconf 80' lang='lat' dir='ltr'>Atque</span> <span class='ocrx_word' id='word_1_132' title='bbox 573 2237 629 2305; x_wconf 90' lang='lat' dir='ltr'>hos,</span> <span class='ocrx_word' id='word_1_133' title='bbox 648 2255 683 2291; x_wconf 91' lang='lat' dir='ltr'>ne</span> <span class='ocrx_word' id='word_1_134' title='bbox 701 2254 756 2307; x_wconf 89' lang='lat' dir='ltr'>qua</span> <span class='ocrx_word' id='word_1_135' title='bbox 772 2238 864 2291; x_wconf 84' lang='lat' dir='ltr'>forent</span> <span class='ocrx_word' id='word_1_136' title='bbox 882 2237 1000 2306; x_wconf 90' lang='lat' dir='ltr'>pedibus</span> <span class='ocrx_word' id='word_1_137' title='bbox 1020 2239 1135 2307; x_wconf 81' lang='lat' dir='ltr'>vestigia</span> <span class='ocrx_word' id='word_1_138' title='bbox 1152 2239 1242 2309; x_wconf 86' lang='lat' dir='ltr'>rectis,</span> 
     </span>
     <span class='ocr_line' id='line_1_23' title="bbox 462 2313 1320 2382; baseline 0.003 -13"><span class='ocrx_word' id='word_1_139' title='bbox 462 2313 556 2369; x_wconf 81' lang='lat' dir='ltr'>Gauda</span> <span class='ocrx_word' id='word_1_140' title='bbox 573 2314 602 2367; x_wconf 92' lang='lat' dir='ltr'>in</span> <span class='ocrx_word' id='word_1_141' title='bbox 620 2314 776 2382; x_wconf 79' lang='lat' dir='ltr'>speluncam</span> <span class='ocrx_word' id='word_1_142' title='bbox 794 2318 898 2367; x_wconf 89' lang='lat' dir='ltr'>tractos</span> <span class='ocrx_word' id='word_1_143' title='bbox 917 2313 1056 2381; x_wconf 88' lang='lat' dir='ltr'>versisque</span> <span class='ocrx_word' id='word_1_144' title='bbox 1074 2314 1178 2368; x_wconf 88' lang='lat' dir='ltr'>viarum</span> <span class='ocrx_word' id='word_1_145' title='bbox 1271 2322 1320 2373; x_wconf 82' lang='lat' dir='ltr'>&#39;aro</span> 
     </span>
     <span class='ocr_line' id='line_1_24' title="bbox 463 2388 1054 2459; baseline 0 -16"><span class='ocrx_word' id='word_1_146' title='bbox 463 2389 575 2443; x_wconf 85' lang='lat' dir='ltr'>Iudiciis</span> <span class='ocrx_word' id='word_1_147' title='bbox 591 2394 685 2459; x_wconf 89' lang='lat' dir='ltr'>raptos</span> <span class='ocrx_word' id='word_1_148' title='bbox 703 2406 770 2443; x_wconf 85' lang='lat' dir='ltr'>saxo</span> <span class='ocrx_word' id='word_1_149' title='bbox 788 2388 945 2443; x_wconf 87' lang='lat' dir='ltr'>occultabat</span> <span class='ocrx_word' id='word_1_150' title='bbox 963 2405 1054 2457; x_wconf 88' lang='lat' dir='ltr'>opaco.</span> 
     </span>
     <span class='ocr_line' id='line_1_25' title="bbox 462 2464 1176 2533; baseline 0.003 -13"><span class='ocrx_word' id='word_1_151' title='bbox 462 2464 611 2531; x_wconf 85' lang='lat' dir='ltr'>Quaerenti</span> <span class='ocrx_word' id='word_1_152' title='bbox 627 2464 702 2518; x_wconf 90' lang='lat' dir='ltr'>nulla</span> <span class='ocrx_word' id='word_1_153' title='bbox 719 2465 755 2517; x_wconf 93' lang='lat' dir='ltr'>ad</span> <span class='ocrx_word' id='word_1_154' title='bbox 773 2464 928 2533; x_wconf 86' lang='lat' dir='ltr'>speluncam</span> <span class='ocrx_word' id='word_1_155' title='bbox 947 2465 1025 2532; x_wconf 79' lang='lat' dir='ltr'>signa</span> <span class='ocrx_word' id='word_1_156' title='bbox 1042 2465 1176 2522; x_wconf 87' lang='lat' dir='ltr'>ferebant.</span> 
     </span>
     <span class='ocr_line' id='line_1_26' title="bbox 462 2540 1148 2608; baseline 0.004 -14"><span class='ocrx_word' id='word_1_157' title='bbox 462 2541 580 2608; x_wconf 78' lang='lat' dir='ltr'>Interea,</span> <span class='ocrx_word' id='word_1_158' title='bbox 598 2557 659 2594; x_wconf 90' lang='lat' dir='ltr'>eum</span> <span class='ocrx_word' id='word_1_159' title='bbox 677 2541 731 2593; x_wconf 91' lang='lat' dir='ltr'>iam</span> <span class='ocrx_word' id='word_1_160' title='bbox 750 2540 864 2593; x_wconf 88' lang='lat' dir='ltr'>stabulis</span> <span class='ocrx_word' id='word_1_161' title='bbox 883 2545 1007 2593; x_wconf 89' lang='lat' dir='ltr'>saturata</span> <span class='ocrx_word' id='word_1_162' title='bbox 1024 2545 1148 2597; x_wconf 88' lang='lat' dir='ltr'>moveret</span> 
     </span>
     <span class='ocr_line' id='line_1_27' title="bbox 463 2615 1181 2688; baseline 0.003 -18"><span class='ocrx_word' id='word_1_163' title='bbox 463 2615 722 2686; x_wconf 81' lang='lat' dir='ltr'>Amphitryoniades</span> <span class='ocrx_word' id='word_1_164' title='bbox 740 2619 865 2669; x_wconf 87' lang='lat' dir='ltr'>arrncnta</span> <span class='ocrx_word' id='word_1_165' title='bbox 884 2615 1043 2685; x_wconf 88' lang='lat' dir='ltr'>abitumque</span> <span class='ocrx_word' id='word_1_166' title='bbox 1061 2621 1181 2688; x_wconf 83' lang='lat' dir='ltr'>pararet,</span> 
     </span>
     <span class='ocr_line' id='line_1_28' title="bbox 462 2691 1321 2762; baseline 0.006 -15"><span class='ocrx_word' id='word_1_167' title='bbox 462 2692 589 2747; x_wconf 88' lang='lat' dir='ltr'>Discessu</span> <span class='ocrx_word' id='word_1_168' title='bbox 606 2692 712 2759; x_wconf 80' lang='lat' dir='ltr'>mugire</span> <span class='ocrx_word' id='word_1_169' title='bbox 729 2691 820 2759; x_wconf 88' lang='lat' dir='ltr'>boves,</span> <span class='ocrx_word' id='word_1_170' title='bbox 838 2695 922 2759; x_wconf 90' lang='lat' dir='ltr'>atque</span> <span class='ocrx_word' id='word_1_171' title='bbox 939 2708 1020 2746; x_wconf 92' lang='lat' dir='ltr'>omne</span> <span class='ocrx_word' id='word_1_172' title='bbox 1038 2694 1157 2762; x_wconf 89' lang='lat' dir='ltr'>querelis</span> <span class='ocrx_word' id='word_1_173' title='bbox 1284 2711 1321 2752; x_wconf 79' lang='lat' dir='ltr'>ns</span> 
     </span>
     <span class='ocr_line' id='line_1_29' title="bbox 462 2767 1108 2839; baseline 0 -16"><span class='ocrx_word' id='word_1_174' title='bbox 462 2769 565 2839; x_wconf 86' lang='lat' dir='ltr'>Inplcri</span> <span class='ocrx_word' id='word_1_175' title='bbox 583 2785 686 2836; x_wconf 88' lang='lat' dir='ltr'>nemus,</span> <span class='ocrx_word' id='word_1_176' title='bbox 704 2771 733 2822; x_wconf 90' lang='lat' dir='ltr'>et</span> <span class='ocrx_word' id='word_1_177' title='bbox 751 2768 832 2821; x_wconf 88' lang='lat' dir='ltr'>colles</span> <span class='ocrx_word' id='word_1_178' title='bbox 850 2767 968 2821; x_wconf 90' lang='lat' dir='ltr'>clamore</span> <span class='ocrx_word' id='word_1_179' title='bbox 985 2768 1108 2837; x_wconf 90' lang='lat' dir='ltr'>relinqui.</span> 
     </span>
     <span class='ocr_line' id='line_1_30' title="bbox 462 2844 1194 2913; baseline 0 -13"><span class='ocrx_word' id='word_1_180' title='bbox 462 2844 596 2900; x_wconf 61' lang='lat' dir='ltr'>madida</span> <span class='ocrx_word' id='word_1_181' title='bbox 612 2862 667 2899; x_wconf 90' lang='lat' dir='ltr'>una</span> <span class='ocrx_word' id='word_1_182' title='bbox 683 2845 765 2899; x_wconf 91' lang='lat' dir='ltr'>boum</span> <span class='ocrx_word' id='word_1_183' title='bbox 783 2860 878 2898; x_wconf 87' lang='lat' dir='ltr'>vocem</span> <span class='ocrx_word' id='word_1_184' title='bbox 895 2847 1027 2913; x_wconf 89' lang='lat' dir='ltr'>vastoque</span> <span class='ocrx_word' id='word_1_185' title='bbox 1045 2845 1096 2899; x_wconf 88' lang='lat' dir='ltr'>sub</span> <span class='ocrx_word' id='word_1_186' title='bbox 1113 2848 1194 2900; x_wconf 87' lang='lat' dir='ltr'>antro</span> 
     </span>
     <span class='ocr_line' id='line_1_31' title="bbox 461 2920 1065 2991; baseline 0 -16"><span class='ocrx_word' id='word_1_187' title='bbox 461 2921 561 2991; x_wconf 81' lang='lat' dir='ltr'>Mugiit</span> <span class='ocrx_word' id='word_1_188' title='bbox 579 2926 608 2977; x_wconf 92' lang='lat' dir='ltr'>et</span> <span class='ocrx_word' id='word_1_189' title='bbox 627 2922 690 2977; x_wconf 85' lang='lat' dir='ltr'>(laci</span> <span class='ocrx_word' id='word_1_190' title='bbox 708 2938 785 2991; x_wconf 91' lang='lat' dir='ltr'>spem</span> <span class='ocrx_word' id='word_1_191' title='bbox 804 2920 944 2975; x_wconf 89' lang='lat' dir='ltr'>custodita</span> <span class='ocrx_word' id='word_1_192' title='bbox 961 2920 1065 2975; x_wconf 80' lang='lat' dir='ltr'>fefellit</span> 
     </span>
     <span class='ocr_line' id='line_1_32' title="bbox 461 2997 1075 3055; baseline -0.003 -3"><span class='ocrx_word' id='word_1_193' title='bbox 461 2997 516 3053; x_wconf 89' lang='lat' dir='ltr'>Hic</span> <span class='ocrx_word' id='word_1_194' title='bbox 533 3016 598 3053; x_wconf 91' lang='lat' dir='ltr'>vero</span> <span class='ocrx_word' id='word_1_195' title='bbox 617 2999 733 3053; x_wconf 89' lang='lat' dir='ltr'>Alcidae</span> <span class='ocrx_word' id='word_1_196' title='bbox 750 2998 830 3051; x_wconf 85' lang='lat' dir='ltr'>furiis</span> <span class='ocrx_word' id='word_1_197' title='bbox 853 2999 995 3055; x_wconf 85' lang='lat' dir='ltr'>exarserat</span> <span class='ocrx_word' id='word_1_198' title='bbox 1013 3000 1075 3051; x_wconf 88' lang='lat' dir='ltr'>atro</span> 
     </span>
     <span class='ocr_line' id='line_1_33' title="bbox 462 3072 1319 3143; baseline 0.002 -15"><span class='ocrx_word' id='word_1_199' title='bbox 462 3074 537 3130; x_wconf 83' lang='lat' dir='ltr'>Felle</span> <span class='ocrx_word' id='word_1_200' title='bbox 549 3075 640 3142; x_wconf 85' lang='lat' dir='ltr'>dolor;</span> <span class='ocrx_word' id='word_1_201' title='bbox 661 3075 734 3143; x_wconf 89' lang='lat' dir='ltr'>rapit</span> <span class='ocrx_word' id='word_1_202' title='bbox 746 3092 823 3128; x_wconf 89' lang='lat' dir='ltr'>arma</span> <span class='ocrx_word' id='word_1_203' title='bbox 834 3090 916 3127; x_wconf 90' lang='lat' dir='ltr'>manu</span> <span class='ocrx_word' id='word_1_204' title='bbox 928 3072 1061 3141; x_wconf 89' lang='lat' dir='ltr'>nodisque</span> <span class='ocrx_word' id='word_1_205' title='bbox 1072 3075 1217 3141; x_wconf 80' lang='lat' dir='ltr'>gravatum</span> <span class='ocrx_word' id='word_1_206' title='bbox 1282 3090 1319 3130; x_wconf 80' lang='lat' dir='ltr'>aso</span> 
     </span>
     <span class='ocr_line' id='line_1_34' title="bbox 461 3149 1113 3219; baseline -0.002 -14"><span class='ocrx_word' id='word_1_207' title='bbox 461 3150 563 3219; x_wconf 86' lang='lat' dir='ltr'>Robur,</span> <span class='ocrx_word' id='word_1_208' title='bbox 581 3156 611 3206; x_wconf 89' lang='lat' dir='ltr'>et</span> <span class='ocrx_word' id='word_1_209' title='bbox 628 3152 695 3206; x_wconf 87' lang='lat' dir='ltr'>aerii</span> <span class='ocrx_word' id='word_1_210' title='bbox 713 3168 794 3205; x_wconf 88' lang='lat' dir='ltr'>cursu</span> <span class='ocrx_word' id='word_1_211' title='bbox 811 3150 882 3219; x_wconf 88' lang='lat' dir='ltr'>petit</span> <span class='ocrx_word' id='word_1_212' title='bbox 899 3149 986 3203; x_wconf 85' lang='lat' dir='ltr'>ardua</span> <span class='ocrx_word' id='word_1_213' title='bbox 1004 3150 1113 3204; x_wconf 90' lang='lat' dir='ltr'>montis.</span> 
     </span>
     <span class='ocr_line' id='line_1_35' title="bbox 460 3226 1169 3297; baseline 0 -16"><span class='ocrx_word' id='word_1_214' title='bbox 460 3226 528 3281; x_wconf 74' lang='lat' dir='ltr'>&#39;lum</span> <span class='ocrx_word' id='word_1_215' title='bbox 547 3229 665 3297; x_wconf 87' lang='lat' dir='ltr'>primum</span> <span class='ocrx_word' id='word_1_216' title='bbox 683 3228 770 3282; x_wconf 91' lang='lat' dir='ltr'>nostri</span> <span class='ocrx_word' id='word_1_217' title='bbox 789 3228 891 3282; x_wconf 82' lang='lat' dir='ltr'>Cacum</span> <span class='ocrx_word' id='word_1_218' title='bbox 910 3226 1006 3281; x_wconf 88' lang='lat' dir='ltr'>videre</span> <span class='ocrx_word' id='word_1_219' title='bbox 1024 3226 1169 3281; x_wconf 88' lang='lat' dir='ltr'>timentem</span> 
     </span>
     <span class='ocr_line' id='line_1_36' title="bbox 461 3303 1147 3373; baseline 0 -16"><span class='ocrx_word' id='word_1_220' title='bbox 461 3303 665 3373; x_wconf 72' lang='lat' dir='ltr'>&#39;ltrrbatumque</span> <span class='ocrx_word' id='word_1_221' title='bbox 683 3304 784 3369; x_wconf 88' lang='lat' dir='ltr'>oculis;</span> <span class='ocrx_word' id='word_1_222' title='bbox 801 3304 873 3373; x_wconf 84' lang='lat' dir='ltr'>fugit</span> <span class='ocrx_word' id='word_1_223' title='bbox 890 3304 964 3357; x_wconf 90' lang='lat' dir='ltr'>ilicet</span> <span class='ocrx_word' id='word_1_224' title='bbox 982 3303 1054 3357; x_wconf 92' lang='lat' dir='ltr'>ocior</span> <span class='ocrx_word' id='word_1_225' title='bbox 1074 3303 1147 3357; x_wconf 88' lang='lat' dir='ltr'>Euro</span> 
     </span>
     <span class='ocr_line' id='line_1_37' title="bbox 460 3377 1230 3449; baseline 0 -15"><span class='ocrx_word' id='word_1_226' title='bbox 460 3379 674 3449; x_wconf 71' lang='lat' dir='ltr'>speluncamque</span> <span class='ocrx_word' id='word_1_227' title='bbox 692 3380 782 3448; x_wconf 90' lang='lat' dir='ltr'>petit;</span> <span class='ocrx_word' id='word_1_228' title='bbox 800 3380 918 3448; x_wconf 90' lang='lat' dir='ltr'>pedibus</span> <span class='ocrx_word' id='word_1_229' title='bbox 937 3379 1021 3433; x_wconf 87' lang='lat' dir='ltr'>timor</span> <span class='ocrx_word' id='word_1_230' title='bbox 1038 3378 1147 3433; x_wconf 90' lang='lat' dir='ltr'>addidit</span> <span class='ocrx_word' id='word_1_231' title='bbox 1165 3377 1230 3434; x_wconf 81' lang='lat' dir='ltr'>alas</span> 
     </span>
     <span class='ocr_line' id='line_1_38' title="bbox 456 3455 1320 3526; baseline -0.001 -15"><span class='ocrx_word' id='word_1_232' title='bbox 456 3456 496 3511; x_wconf 83' lang='lat' dir='ltr'>Ut</span> <span class='ocrx_word' id='word_1_233' title='bbox 511 3473 576 3512; x_wconf 88' lang='lat' dir='ltr'>sese</span> <span class='ocrx_word' id='word_1_234' title='bbox 591 3455 711 3524; x_wconf 89' lang='lat' dir='ltr'>inclusit,</span> <span class='ocrx_word' id='word_1_235' title='bbox 730 3455 872 3526; x_wconf 86' lang='lat' dir='ltr'>ruptisque</span> <span class='ocrx_word' id='word_1_236' title='bbox 889 3456 996 3509; x_wconf 88' lang='lat' dir='ltr'>inmane</span> <span class='ocrx_word' id='word_1_237' title='bbox 1015 3455 1117 3509; x_wconf 87' lang='lat' dir='ltr'>eateuis</span> <span class='ocrx_word' id='word_1_238' title='bbox 1282 3469 1320 3510; x_wconf 78' lang='lat' dir='ltr'>aas</span> 
     </span>
     <span class='ocr_line' id='line_1_39' title="bbox 437 3530 1146 3607; baseline -0.004 -23"><span class='ocrx_word' id='word_1_239' title='bbox 437 3530 555 3590; x_wconf 82' lang='lat' dir='ltr'>Deiecit</span> <span class='ocrx_word' id='word_1_240' title='bbox 570 3551 681 3606; x_wconf 77' lang='lat' dir='ltr'>sarum,</span> <span class='ocrx_word' id='word_1_241' title='bbox 701 3536 778 3593; x_wconf 87' lang='lat' dir='ltr'>forro</span> <span class='ocrx_word' id='word_1_242' title='bbox 798 3534 878 3607; x_wconf 91' lang='lat' dir='ltr'>quod</span> <span class='ocrx_word' id='word_1_243' title='bbox 899 3536 929 3590; x_wconf 90' lang='lat' dir='ltr'>et</span> <span class='ocrx_word' id='word_1_244' title='bbox 948 3535 1011 3587; x_wconf 80' lang='lat' dir='ltr'>arte</span> <span class='ocrx_word' id='word_1_245' title='bbox 1026 3534 1146 3600; x_wconf 75' lang='lat' dir='ltr'>paterna</span> 
     </span>
     <span class='ocr_line' id='line_1_40' title="bbox 423 3606 1141 3690; baseline 0.007 -26"><span class='ocrx_word' id='word_1_246' title='bbox 423 3606 590 3685; x_wconf 86' lang='lat' dir='ltr'>Pendebat,</span> <span class='ocrx_word' id='word_1_247' title='bbox 611 3616 763 3690; x_wconf 72' lang='lat' dir='ltr'>stultosque</span> <span class='ocrx_word' id='word_1_248' title='bbox 784 3616 909 3674; x_wconf 89' lang='lat' dir='ltr'>emuniit</span> <span class='ocrx_word' id='word_1_249' title='bbox 928 3611 1022 3669; x_wconf 73' lang='lat' dir='ltr'>obius</span> <span class='ocrx_word' id='word_1_250' title='bbox 1038 3606 1141 3678; x_wconf 58' lang='lat' dir='ltr'>petus,</span> 
     </span>
     <span class='ocr_line' id='line_1_41' title="bbox 419 3679 1276 3761; baseline -0.001 -13"><span class='ocrx_word' id='word_1_251' title='bbox 419 3679 492 3742; x_wconf 58' lang='lat' dir='ltr'><em>Q</em></span> <span class='ocrx_word' id='word_1_252' title='bbox 510 3691 620 3753; x_wconf 81' lang='lat' dir='ltr'>furens</span> <span class='ocrx_word' id='word_1_253' title='bbox 638 3699 750 3756; x_wconf 85' lang='lat' dir='ltr'>animis</span> <span class='ocrx_word' id='word_1_254' title='bbox 771 3697 886 3753; x_wconf 87' lang='lat' dir='ltr'>aderat</span> <span class='ocrx_word' id='word_1_255' title='bbox 903 3686 1089 3761; x_wconf 57' lang='lat' dir='ltr'>nequamus,</span> <span class='ocrx_word' id='word_1_256' title='bbox 1104 3686 1276 3735; x_wconf 52' lang='lat' dir='ltr'>(mmm</span> 
     </span>
    </p>
   </div>
   <div class='ocr_carea' id='block_1_3' title="bbox 0 0 1739 4367">
    <p class='ocr_par' dir='ltr' id='par_1_3' title="bbox 0 0 1739 4367">
     <span class='ocr_line' id='line_1_42' title="bbox 0 0 1739 4367; baseline 0 0"><span class='ocrx_word' id='word_1_257' title='bbox 0 0 1739 4367; x_wconf 95' lang='lat' dir='ltr'> </span> 
     </span>
    </p>
   </div>
  </div>
 </body>
</html>
