3467 4367
697 633 882 684 AENEIDOS
899 632 968 681 LIB.
987 633 1023 683 X.
1249 635 1295 688 287

444 711 586 780 Ingemuit
603 710 659 765 cari
676 714 797 780 graviter
814 712 948 782 genitoris
965 730 1065 782 amore,

443 789 486 843 Ut
502 788 580 855 vidit,
599 788 712 855 Lausus,
730 789 913 859 lacrimaeque
930 806 980 858 per
997 806 1046 843 ora
1062 789 1179 846 volutae.
1260 801 1297 845 tao

444 864 500 918 Hic
516 864 614 917 mortis
631 863 717 918 durae
735 880 828 917 casum
845 868 949 933 tuaque
966 868 1079 934 optuma
1095 866 1175 933 facta,

443 939 474 993 Si
492 957 546 1009 qua
563 939 648 993 fidem
665 943 744 994 tanto
761 943 805 994 est
822 941 899 1009 operi
917 940 1007 995 latura
1023 945 1153 1009 vetustas,

443 1015 507 1070 Non
525 1016 661 1085 equidem,
677 1032 728 1069 nec
745 1019 782 1081 te,
800 1016 906 1070 iuvenis
924 1018 1105 1086 memorande,
1125 1017 1218 1073 silebo.

444 1091 497 1146 Ille
514 1093 614 1159 pedem
632 1093 753 1144 referens
771 1096 801 1146 et
818 1091 923 1145 inutilis
941 1092 1024 1160 inque
1041 1093 1141 1161 ligatus

418 1218 420 1223 .
444 1166 576 1232 Cedebat,
594 1167 735 1235 clipeoque
753 1167 893 1221 inimicum
911 1167 1009 1222 hastile
1027 1169 1162 1225 trahebat.
1260 1185 1296 1225 79⁵

444 1242 585 1312 Proripuit
602 1243 707 1296 iuvenis
725 1259 841 1311 seseque
858 1243 998 1297 inmiscuit
1015 1244 1104 1310 armis,

444 1318 559 1387 Iamque
576 1319 751 1387 adsurgentis
769 1319 869 1373 dextra
886 1318 1049 1387 plagamque
1065 1320 1180 1376 ferentis

444 1396 555 1448 Aeneae
573 1395 658 1449 subiit
676 1412 840 1462 mucronem,
858 1394 1004 1464 ipsumque
1021 1394 1154 1450 morando

443 1470 594 1540 Sustinuit,
612 1472 677 1525 socii
695 1488 792 1539 magno
810 1471 928 1526 clamore
945 1474 1105 1539 sequuntur,

442 1546 516 1600 Dum
534 1548 642 1613 genitor
659 1546 718 1600 nati
736 1563 830 1615 panna
847 1550 990 1616 protectus
1009 1547 1107 1615 abiret,
1259 1562 1296 1600 coo

442 1622 562 1690 Telaque
580 1622 736 1689 coniiciunt,
754 1623 977 1692 proturbantque
994 1623 1099 1678 eminus
1117 1622 1224 1677 hostem

442 1698 602 1753 Missilibus.
639 1698 720 1752 Furit
739 1700 856 1767 Aeneas,
874 1703 1021 1770 tectusque
1039 1702 1117 1755 tenet
1134 1716 1172 1755 se.

442 1777 486 1829 Ac
504 1775 579 1830 velut
596 1775 683 1829 effusa
700 1775 724 1829 si
743 1776 853 1844 quando
870 1778 1006 1845 grandine
1024 1776 1110 1831 nimbi

441 1851 635 1921 Praecipitant,
653 1852 741 1907 omnis
758 1853 861 1922 campis
880 1853 990 1922 diffugit
1008 1857 1107 1921 arator,

441 1928 537 1982 Omnis
554 1934 583 1983 et
600 1928 726 1997 agricola,
744 1932 773 1984 et
790 1933 853 1983 tuta
871 1931 940 1984 latet
957 1946 1021 1983 arce
1038 1929 1135 1997 viator,
1257 1945 1294 1983 eoa

442 2004 500 2057 Aut
518 2005 604 2058 amnis
621 2005 696 2073 ripis,
714 2009 763 2060 aut
781 2006 830 2060 alti
848 2006 951 2059 fornice
968 2005 1035 2072 saxi,

440 2079 513 2132 Dum
530 2080 602 2148 pluit
619 2080 647 2133 in
664 2081 756 2147 terris,
775 2083 806 2133 ut
824 2081 929 2147 possint
947 2081 1004 2132 sole
1023 2078 1136 2132 reducto

433 2155 576 2208 'leercere
594 2155 680 2207 diem:
704 2154 743 2209 sic
760 2155 875 2208 obrutus
892 2155 1015 2221 undique
1032 2154 1095 2207 telis

442 2232 550 2283 Aeneas
567 2231 669 2283 nubem
685 2229 759 2298 belli,
777 2230 844 2283 dum
862 2229 978 2283 detonet
995 2228 1090 2296 omnis,

441 2305 569 2370 Sustinet,
587 2310 616 2358 et
635 2306 754 2359 Lausum
772 2304 920 2371 increpitat
938 2304 1082 2372 Lausoque
1099 2305 1231 2361 minatur:
1256 2322 1294 2361 am

441 2381 500 2444 Quo
519 2382 651 2434 moriture
669 2380 734 2447 ruis,
751 2381 909 2448 maioraque
927 2380 1031 2433 viribus
1048 2379 1153 2435 andesl

440 2457 523 2510 Fallit
540 2460 570 2512 te
587 2457 726 2510 incautum
743 2456 832 2525 pietas
849 2459 904 2510 tua
940 2456 966 2510 N
969 2473 999 2511 ec
1017 2456 1106 2509 minus
1123 2456 1170 2511 ille

441 2533 568 2586 Exsultat
586 2533 713 2597 demens;
742 2549 839 2586 saevae
857 2532 967 2602 iamque
985 2532 1068 2586 altius
1085 2533 1142 2586 irae

440 2609 578 2662 Dardanio
597 2612 713 2676 surgunt
731 2608 847 2676 ductori,
865 2612 1045 2678 extremaque
1063 2608 1153 2662 Lauso

440 2685 541 2739 Parcae
559 2685 605 2738 fila
622 2685 730 2752 legunt:
748 2685 869 2738 validum
888 2702 1007 2753 namque
1024 2685 1112 2753 exigit
1129 2701 1222 2738 ensem
1255 2701 1292 2739 815

439 2761 494 2814 Per
510 2761 633 2815 medium
653 2764 761 2815 Aeneas
779 2760 913 2827 iuvenem,
931 2764 1077 2828 totumque
1094 2759 1228 2813 recondit.

438 2836 558 2891 Transiit
576 2840 606 2890 et
623 2853 746 2906 parmam
763 2853 865 2904 mucro,
884 2836 956 2890 levia
974 2852 1049 2888 arma
1066 2835 1186 2903 minacis,

439 2914 474 2966 m
492 2914 620 2980 tunicam,
638 2912 819 2966 molli·mater
837 2928 919 2979 quam
938 2916 1050 2965 neverat
1067 2927 1141 2977 auro,

438 2989 611 3058 Inplevitque
629 2989 718 3042 sinum
736 2987 861 3055 sanguis3
878 2990 938 3040 tum
956 2987 1014 3040 vita
1031 3003 1080 3055 per
1097 3002 1178 3040 auras

437 3065 578 3119 Concessit
595 3067 701 3120 maesta
718 3064 755 3117 ad
773 3063 872 3132 Manis,
889 3079 1043 3134 corpusque
1060 3061 1179 3127 reliquit.
1254 3077 1292 3117 am

440 3143 479 3194 At
496 3158 560 3195 vero
578 3145 610 3196 ut
626 3140 732 3195 voltum
750 3138 821 3193 vidit
837 3138 980 3193 morientis
998 3142 1026 3191 et
1044 3154 1099 3204 ora,

437 3215 494 3270 Ora
510 3218 599 3271 modis
618 3216 800 3271 Anchisiades
817 3215 948 3285 pallentia
965 3214 1050 3282 miris,

438 3290 578 3359 Ingemuit
595 3294 727 3346 miserans
744 3292 874 3359 graviter,
893 3291 1075 3359 dextramque
1093 3288 1221 3357 tetendit,

437 3368 474 3419 m
492 3371 610 3421 mentem
628 3369 736 3437 patriae
754 3368 839 3423 subiit
856 3366 970 3436 pietatis
987 3366 1085 3435 imago.

437 3443 509 3507 Quid
528 3443 579 3496 tibi
598 3460 677 3510 nunc,
695 3442 851 3497 miserande
868 3459 945 3511 puer,
958 3459 1008 3510 pro
1026 3442 1154 3496 laudibus
1171 3441 1293 3499 istiuaaa

437 3520 510 3583 Quid
525 3520 589 3587 pius
607 3521 715 3573 Aeneas
731 3523 811 3575 tanta
828 3518 910 3577 dabit
925 3518 1025 3575 indole
1042 3516 1185 3585 dignum

427 3596 522 3661 Ama,
542 3594 644 3662 qm'bus
662 3596 892 3668 laetatusnabe
904 3602 977 3666 aaa,
991 3601 1090 3665 teque
1105 3587 1274 3658 ,assam

415 3666 549 3723 Manibus
567 3674 597 3725 et
609 3673 710 3745 cineri,
729 3675 754 3731 si
775 3694 837 3751 qua
856 3681 906 3737 est
925 3694 967 3735 ea
982 3689 1070 3741 eura,
1085 3661 1229 3722 tentiam·
