3467 4367
657 636 842 689 AENEIDOS
863 635 933 686 LlB.
957 634 1024 685 VII.
1217 635 1265 685 ala

411 727 475 782 Non
493 724 583 795 patrio
601 739 636 778 ex
654 721 737 791 adyto
754 722 850 787 sortes,
867 735 922 773 non
939 718 1057 787 plurima
1074 716 1150 771 caelo
1259 758 1266 770 .

411 803 537 858 Monstra
553 800 661 865 sinunt;
678 812 794 867 generos
811 795 934 851 externis
951 794 1047 848 adfore
1064 792 1099 846 ab
1117 793 1179 862 oris,
1226 806 1265 848 270

412 879 475 933 Hoc
493 877 572 931 Latio
589 878 695 929 restare
711 876 819 942 canunt,
837 873 885 941 qui
904 872 1036 941 sanguine
1053 874 1177 924 nostrum

411 955 520 1009 Nomen
537 954 565 1005 in
583 955 658 1006 astra
674 952 771 1005 ferant
808 950 892 1004 Hunc
908 949 985 1003 illum
1003 963 1115 1018 poscere
1132 946 1190 1001 fata
1296 966 1298 968 ·

411 1030 450 1086 Et
466 1046 536 1098 reor,
554 1033 591 1095 et,
609 1029 631 1082 si
649 1028 716 1097 quid
732 1027 791 1082 teri
809 1043 887 1081 mens
905 1030 1029 1095 augurat,
1047 1029 1119 1094 opto.

412 1108 492 1161 Haec
509 1106 607 1161 effatus
624 1121 709 1173 equos
726 1120 839 1158 numero
857 1105 937 1171 pater
955 1103 1035 1171 eligit
1052 1100 1132 1155 omni.
1245 1160 1258 1178 ο

412 1181 529 1236 Stabant
545 1178 717 1237 tercentum
735 1179 817 1234 nitidi
834 1179 863 1232 in
881 1179 1060 1248 praesepibus
1078 1178 1148 1231 altis.
1230 1190 1265 1231 275

412 1257 546 1312 Omnibus
563 1257 702 1326 extemplo
720 1255 831 1310 Teucris
849 1256 927 1309 iubet
945 1256 1040 1309 ordine
1058 1255 1121 1308 duci

413 1335 550 1388 Instratos
567 1338 642 1387 ostro
661 1332 783 1401 alipedes
800 1332 937 1401 pictisque
954 1332 1071 1400 tapetis;

413 1411 508 1463 Aurea
524 1409 682 1478 pectoribus
700 1409 819 1463 demissa
834 1407 946 1481 vmonilia
964 1408 1099 1476 pendent;

413 1486 489 1540 Tecti
506 1503 582 1553 auro,
598 1486 702 1539 fulvum
719 1485 853 1539 mandunt
871 1483 922 1537 sub
940 1484 1069 1540 dentibus
1086 1500 1198 1550 aurum3

414 1562 534 1618 Absenti
554 1564 664 1615 Aeneae
682 1577 791 1615 currum
807 1561 988 1631 geminosque
1006 1561 1103 1630 iugalis
1230 1575 1266 1615 aso

413 1639 522 1694 Semine
540 1637 575 1691 ab
593 1638 721 1706 aetherio,
740 1638 870 1707 spirantis
887 1637 999 1692 naribus
1016 1638 1114 1707 ignem,

414 1715 527 1769 Illorum
546 1714 582 1767 de
599 1718 689 1782 gente,
706 1715 778 1783 patri
796 1731 864 1783 quos
883 1714 999 1768 daedala
1017 1715 1095 1769 Circo

414 1791 561 1859 Supposita
578 1790 614 1845 de
631 1794 720 1845 matre
737 1792 835 1845 nothos
853 1792 945 1846 furata
963 1792 1074 1846 creavit.

414 1868 525 1922 Talibus
545 1868 692 1922 Aeneadae
711 1868 790 1922 donis
808 1868 946 1937 dictisque
965 1867 1057 1922 Latini

415 1943 551 1998 Sublimes
568 1944 597 1997 in
615 1946 693 2012 equis
710 1945 836 2011 redeunt,
854 1961 1006 2013 pacemque
1023 1946 1174 2012 reportant.
1231 1959 1268 1998 as5

449 2020 520 2073 Ecce
538 2024 630 2074 autem
650 2020 768 2074 Inachiis
787 2038 847 2074 sese
865 2020 1003 2074 referebat
1021 2020 1057 2074 ab
1076 2020 1160 2087 Argis

415 2094 503 2149 Saeva
521 2095 594 2149 Iovis
612 2096 735 2162 coniunx,
754 2112 890 2163 aurasque
908 2096 1017 2149 invecta
1034 2093 1156 2162 tenebat,

416 2171 454 2224 Et
470 2171 573 2224 laetum
591 2173 706 2223 Aenean
723 2170 893 2239 classemque
912 2185 946 2223 ex
964 2170 1077 2223 aethere
1095 2168 1175 2238 longe

416 2246 584 2300 Dardaniam
602 2245 692 2299 Siculo
709 2245 851 2313 prospexit
868 2244 1009 2314 abusque
1028 2244 1161 2310 Pachyno.

417 2320 508 2374 Moliri
526 2321 581 2372 iarn
597 2321 674 2373 tecta
691 2319 774 2386 videt,
793 2321 847 2373 iam
865 2320 952 2374 fidere
970 2325 1068 2390 terrae,
1234 2338 1269 2378 aas

417 2396 577 2449 Deseruisse
595 2399 677 2449 rates
713 2396 799 2450 Stetit
816 2396 872 2449 acri
890 2397 945 2450 fixa
962 2397 1063 2454 dolore.

418 2471 486 2524 Tum
505 2488 635 2540 quassans
652 2476 734 2541 eaput
752 2474 819 2527 haec
836 2473 952 2529 offundit
968 2479 1080 2544 pectore
1098 2478 1186 2537 dicta:

419 2547 484 2602 Heu
501 2548 615 2616 stirpem
632 2549 755 2617 invisam,
774 2554 803 2605 et
820 2551 885 2605 fetis
902 2553 1039 2607 contraria
1055 2555 1155 2609 nostris

418 2623 490 2677 Fata
507 2624 745 2702 Phrygumlnum
763 2627 852 2695 Sigeis
871 2628 1031 2697 occumbere
1050 2631 1158 2700 campis,

418 2700 492 2754 Num
510 2701 582 2769 capti
601 2705 716 2770 potuere
734 2703 809 2771 cepil
826 2720 892 2757 num
910 2704 1018 2758 incensa
1035 2707 1165 2762 cremavit
1234 2719 1271 2764 aaa

418 2776 499 2830 Troia
516 2778 606 2831 virosi
623 2778 728 2831 medias
746 2780 817 2833 acies
834 2779 994 2848 mediosque
1011 2799 1062 2849 per
1078 2783 1148 2850 ignis

420 2853 553 2907 Invenere
571 2853 650 2906 viani
686 2855 735 2922 At,
753 2855 842 2923 credo,
860 2872 922 2909 moa
937 2858 1049 2910 numina
1066 2859 1178 2914 tandem

419 2929 504 2983 Fessa
521 2930 619 2997 iacent,
638 2929 709 2984 odiis
726 2935 774 2986 aut
793 2933 952 2985 exsaturata
969 2934 1096 3001 quievi-

419 3006 492 3069 Quin
509 3007 593 3060 etiam
610 3007 700 3074 patria
717 3023 845 3062 excussos
864 3008 964 3061 infesta
980 3025 1030 3077 per
1047 3011 1134 3064 undas

421 3083 497 3152 Ausa
514 3083 600 3151 sequi,
619 3086 650 3137 et
667 3084 788 3152 profugis
805 3087 865 3137 toto
883 3099 928 3137 me
946 3101 1082 3154 opponere
1098 3091 1189 3155 ponto.
1235 3103 1272 3142 eoo

421 3157 592 3228 Absumptae
608 3158 637 3213 iri
656 3160 773 3215 Teucros
790 3161 861 3215 vires
880 3161 1002 3231 caelique
1019 3164 1164 3233 marisque.

420 3234 495 3298 Quid
512 3236 612 3304 Syrtes,
631 3241 680 3291 aut
698 3237 786 3308 Scylla
803 3238 879 3305 mihi,
898 3239 965 3307 quid
977 3232 1060 3294 'vasta
1078 3240 1231 3311 Charybdis

421 3308 546 3364 Profuitl
564 3315 658 3380 optato
676 3313 831 3368 conduntur
848 3314 993 3384 Thybridis
1011 3317 1094 3385 alveo,

421 3383 515 3437 Securi
533 3387 623 3455 pelagi
641 3392 724 3459 atque
743 3392 803 3444 mei.
839 3391 915 3445 Mers
933 3394 1057 3461 perdere·
1068 3396 1179 3462 gentem

422 3459 565 3514 Iomanem
583 3462 731 3531 Lapithum
748 3467 849 3533 valuit3
865 3470 1002 3523 concessit
1016 3469 1051 3521 in
1063 3470 1127 3521 iras
1249 3478 1294 3512 ”aa

422 3534 488 3602 Ipse
504 3535 584 3591 deum
602 3540 746 3611 antiquam
762 3544 878 3613 genitor
896 3544 1048 3616 Calydona
1058 3544 1201 3598 plassea

413 3608 506 3740 011οῗ8
505 3614 604 3747 Zgglnusy
616 3620 670 3673 aut
693 3618 838 3691 Lapithas
859 3627 993 3689 tantum,
1013 3623 1073 3676 aut
1092 3610 1258 3677 Sabim*
1274 3607 1344 3642 Μ’
