3467 4367
721 628 905 679 AENEIDOS
922 629 991 679 LIB.
1010 628 1033 678 1.
1270 630 1299 677 91

446 704 554 775 Impius
571 710 637 761 ante
654 723 716 761 aras
733 711 818 777 atque
836 709 897 763 auri
914 725 1012 762 caecus
1029 725 1122 763 amore
1173 773 1176 779 ²

435 783 525 837 (llam
542 783 615 836 ferro
633 784 772 838 incautum
791 789 912 854 superat,
931 801 1043 839 securus
1060 801 1184 839 amorum
1266 799 1303 839 aso

445 857 615 925 Germanae;
632 861 791 929 factumque
809 860 858 914 diu
876 861 983 929 celavit,
1002 864 1031 914 et
1050 878 1169 929 aegram,

445 933 537 988 Multa
555 936 642 990 malus
660 937 795 1002 simulans,
815 954 885 991 vana
902 953 951 1005 spe
968 936 1035 992 lusit
1053 941 1199 992 amantem

446 1012 513 1081 Ipsa
531 1013 627 1067 sedin
645 1013 746 1068 s'omnis
763 1014 899 1071 inhumati
917 1014 994 1068 venit
1010 1014 1101 1081 imago

445 1089 583 1157 Coniugis,
602 1107 651 1144 ora
668 1091 757 1145 modis
775 1090 906 1145 attollens
924 1090 1028 1159 pallida
1045 1090 1140 1156 miris;

445 1165 574 1221 Crudelis
592 1184 654 1220 aras
672 1167 845 1235 tmiectaque
863 1170 976 1236 pectora
994 1166 1068 1220 ferro
1266 1182 1303 1223 aas

445 1242 579 1309 Nudavit,
597 1259 763 1312 caecumque
782 1241 880 1295 domus
898 1243 987 1296 scelus
1005 1259 1085 1296 omne
1103 1242 1221 1297 retexit?
1302 1261 1305 1265 ·

445 1317 517 1371 Tum
534 1320 654 1372 celerare
671 1319 765 1386 fugam
782 1319 930 1387 patriaque
948 1319 1083 1372 excedere
1102 1318 1209 1387 suadet,

446 1393 645 1463 Auxiliumque
663 1395 723 1449 viae
741 1395 843 1449 veteris
862 1395 963 1449 tellure
981 1394 1101 1448 recludit

445 1469 607 1536 Thesauros,
625 1472 749 1540 ignotum
767 1473 875 1539 argenti
891 1471 999 1539 pondus
1018 1474 1047 1525 et
1064 1472 1130 1524 auri.

440 1546 502 1599 His
518 1551 654 1602 commota
670 1549 763 1616 fugam
782 1547 855 1601 Dido
873 1548 1015 1617 sociosque
1032 1548 1156 1617 parabat.
1265 1559 1302 1598 suo

446 1622 626 1693 Conveniunt,
644 1624 744 1693 quihus
761 1628 811 1678 aut
828 1624 922 1678 odium
941 1624 1053 1678 crudele
1070 1624 1178 1692 tyranni

447 1699 508 1754 Aut
526 1704 616 1756 metus
629 1716 698 1755 'acer
715 1705 791 1766 erat;
809 1702 893 1769 navis,
912 1718 982 1770 quae
1001 1702 1072 1755 forte
1091 1704 1214 1769 paratae,

446 1776 613 1847 Corripiunt,
632 1783 804 1847 onerantque
821 1794 889 1831 auro
898 1799 904 1843 ;
922 1782 1069 1846 portantur
1087 1777 1162 1831 avari

447 1853 630 1922 Pygmalionis
648 1872 714 1924 opes
731 1854 845 1923 pelago;
864 1855 922 1908 dux
941 1854 1043 1908 femina
1060 1854 1135 1908 facti.

446 1930 591 1985 Devenere
608 1930 689 2000 locos,
706 1932 754 1985 ubi
772 1948 843 1985 nunc
861 1932 985 1999 ingentia
1004 1930 1092 1985 cernis
1197 1944 1200 1948 ’
1265 1944 1302 1982 aas

446 2006 557 2061 Moenia
575 2013 788 2077 surgentemque
805 2025 892 2063 novae
912 2007 1092 2077 Karthaginis
1109 2024 1209 2077 arcem,

445 2083 620 2153 Mercatique
638 2084 733 2153 solum,
750 2085 816 2139 facti
835 2084 998 2138 denomino
1016 2084 1140 2153 Byrsam,

446 2160 565 2215 Taurino
582 2165 717 2230 quantum
735 2165 847 2231 possent
865 2160 1037 2215 circumdare
1056 2164 1144 2228 tergo.

446 2236 505 2291 Sed
521 2254 569 2291 vos
587 2238 635 2307 qui
652 2237 773 2305 tandem,
791 2236 893 2306 quibus
910 2241 959 2290 aut
976 2236 1090 2290 venistis
1108 2236 1144 2289 ab
1162 2236 1225 2302 oris,
1292 2304 1295 2307 ἢ

446 2312 543 2377 Quove
560 2314 663 2368 tenetis
680 2315 751 2368 iterl
779 2313 929 2379 Quaerenti
948 2312 1051 2367 talibus
1068 2312 1115 2366 ille
1238 2326 1245 2368 l
1265 2328 1302 2369 aso

446 2389 592 2457 Suspiraus
610 2390 720 2460 imoque
738 2389 850 2443 trahens
867 2406 885 2443 a
901 2392 1014 2457 pectore
1032 2405 1139 2443 vocem:

482 2465 507 2519 Ο
525 2467 585 2533 dea,
603 2466 627 2520 si
644 2468 732 2535 prima
749 2471 877 2535 repetens
895 2465 931 2518 ab
949 2466 1054 2533 origine
1072 2482 1193 2536 pergam,

445 2542 486 2597 Et
502 2546 581 2596 vacet
599 2542 703 2598 annalis
720 2545 876 2596 nostrorum
894 2542 990 2595 audire
1008 2542 1140 2610 laborum,

446 2620 524 2673 Ante
541 2619 616 2673 diem
633 2619 724 2673 clauso
741 2621 877 2687 conponat
896 2618 1004 2687 Vesper
1023 2617 1144 2686 Olympo.

446 2695 506 2749 Nos
524 2695 605 2748 Troia
622 2696 742 2764 antiqua,
761 2695 784 2748 si
802 2698 910 2749 vestras
928 2696 1000 2749 forte
1018 2711 1067 2763 per
1086 2695 1161 2749 auris
1265 2708 1302 2751 ³75

446 2770 545 2825 Troiae
563 2788 660 2825 nomeu
678 2772 716 2835 iit,
734 2770 844 2824 diversa
862 2788 912 2840 pcr
931 2788 1052 2840 aequora
1069 2774 1163 2825 vectos
1278 2800 1283 2808 -

446 2848 533 2903 Forte
550 2865 600 2901 sua
619 2848 725 2917 Libyeis
741 2851 893 2916 tempestas
911 2846 1019 2917 adpuht
1037 2849 1099 2902 oris.

446 2925 515 2979 Sum
532 2926 593 2995 pius
612 2926 729 2991 Aeneas,
748 2928 841 2992 raptos
859 2924 907 2994 qui
925 2942 959 2978 ex
977 2925 1057 2978 hoste
1077 2924 1191 2978 Penatis

446 3000 542 3056 Classe
559 3002 628 3055 veho
645 3018 759 3067 mecum,
776 3001 850 3054 fama
867 3017 950 3069 supor
968 2999 1084 3054 aethera
1100 3005 1188 3055 notus.

447 3077 559 3131 Italiam
577 3094 680 3146 quaero
697 3077 815 3145 patriam
832 3080 862 3131 ot
879 3093 966 3144 genus
983 3075 1018 3129 ab
1037 3077 1104 3131 Iove
1122 3092 1235 3130 summo.
1264 3091 1301 3130 aso

447 3154 497 3208 Bis
516 3155 593 3208 denis
611 3153 760 3223 Phrygium
777 3152 921 3208 conscendi
938 3152 1052 3207 navibus
1070 3170 1180 3221 aequor,

445 3231 540 3286 Matre
558 3231 611 3286 dea
628 3234 797 3285 monstrante
814 3230 894 3298 viam,
913 3229 979 3283 data
996 3231 1055 3284 fata
1072 3233 1197 3296 secutus;

446 3306 505 3361 Vix
522 3311 628 3376 septem
646 3305 787 3361 convolsae
804 3306 887 3361 undis
905 3306 1035 3375 Euroque
1053 3308 1206 3375 supersunt.

448 3383 515 3454 Ipse
530 3384 646 3453 ignotus,
664 3399 755 3451 egens,
776 3382 879 3452 Libyae
897 3384 1009 3437 deserta
1027 3398 1152 3450 peragro,

446 3459 559 3528 Europa
569 3464 654 3529 atquc
668 3459 736 3512 Asia
752 3458 854 3527 pulsus.
893 3458 953 3515 Neo
970 3458 1058 3530 plura
1074 3459 1251 3529 querentem
1279 3466 1325 3502 ab

406 3572 410 3576 ,
439 3534 527 3587 Passa
550 3534 639 3589 Venus
656 3536 750 3591 medio
768 3536 810 3593 sic
828 3538 970 3595 interfata
988 3538 1092 3594 dolore
1111 3537 1175 3589 est:

465 3606 596 3675 Qffllffl'fl
613 3627 651 3679 es,
670 3612 759 3680 haud,
781 3617 885 3687 medo,
905 3617 1022 3674 invisus
1042 3608 1235 3674 caelestinus
1249 3604 1349 3653 um*

421 3678 523 3793 mgb
538 3686 641 3755 θθψῑῡ,
656 3690 782 3759 Tyriam
804 3697 858 3767 qui
880 3697 1054 3753 adveneris
1072 3690 1201 3746 urbem.
