3467 4367
631 619 633 621 ’
675 607 860 658 Aumslbcs
876 606 947 658 ΗΒ.
965 606 988 656 Ι.
1227 608 1258 655 89

406 690 532 761 Triginta
549 704 663 759 magnos
679 688 820 743 volvendis
837 686 978 743 mensibus
995 686 1087 741 orbis.

408 767 520 837 Inperio
538 766 668 834 explebit,
685 782 856 835 regnumque
874 765 909 819 ab
928 764 994 818 sede
1013 762 1108 817 Lavini
1224 777 1261 819 nc

407 842 575 907 Transferat,
593 845 622 896 et
639 842 748 909 longam
764 843 852 896 multa
869 842 897 897 vi
914 842 1019 896 muniet
1039 841 1147 899 Albam.

408 919 466 974 Hic
482 920 537 972 iam
555 922 598 973 ter
616 922 727 971 centum
745 921 819 972 totos
836 918 996 986 regnabitur
1014 935 1098 971 annos

409 996 501 1051 Gente
520 994 571 1048 sub
591 995 737 1062 Hectorea,
755 994 843 1049 donec
859 994 956 1062 regina
974 993 1101 1048 sacerdos

409 1073 503 1126 Marte
520 1072 611 1139 gravis
626 1070 763 1138 geminam
780 1075 864 1141 partu
882 1070 960 1124 dabit
979 1071 1032 1124 Ilia
1048 1070 1161 1140 prolem.

410 1148 484 1204 Inde
500 1147 582 1216 lupae
599 1146 672 1199 thlvo
689 1146 804 1201 nutricis
821 1147 944 1215 tegmine
961 1147 1050 1202 lactus
1225 1158 1264 1200 27⁶

411 1222 546 1278 Romulus
563 1223 681 1291 excipiet
698 1226 816 1290 gentem,
835 1225 865 1275 et
884 1223 1021 1277 Mavortia
1037 1224 1139 1279 condet

410 1299 523 1354 Moenia
541 1299 732 1367 Romanosque
750 1316 799 1353 suo
817 1298 853 1352 de
871 1299 980 1353 nomine
997 1299 1079 1354 dicet
1173 1336 1177 1342 ·

411 1377 466 1430 His
483 1393 534 1445 ego
552 1392 603 1430 nec
620 1378 709 1429 metas
726 1392 819 1429 rerum
835 1392 887 1429 nec
904 1379 1029 1445 tempora
1045 1392 1132 1445 pono;

412 1453 555 1522 Inperium
573 1452 631 1506 sine
649 1452 704 1506 fine
721 1452 794 1505 dedi
832 1453 905 1518 Quin
922 1468 1019 1522 aspera
1038 1453 1115 1521 Iuno,

412 1529 490 1593 Quae
502 1546 578 1582 mare
590 1544 661 1581 nunc
672 1532 817 1597 terrasque
826 1533 906 1582 metu
916 1529 1077 1596 caelumque
1087 1528 1195 1596 fetigat,
1229 1539 1267 1578 aaa

413 1605 533 1659 Consiha
550 1605 578 1657 in
595 1605 694 1658 mehus
710 1605 821 1673 referet,
839 1622 1001 1675 mecumque
1018 1604 1122 1659 fovebit

415 1681 559 1748 Romanos,
578 1698 671 1735 rerum
688 1681 820 1751 dominos,
836 1685 1003 1750 gentemque
1021 1685 1151 1749 togatam.

413 1757 459 1811 Sic
476 1758 614 1826 placitum
650 1757 753 1812 Veniet
769 1758 865 1812 lustris
881 1758 1037 1813 labentibus
1055 1761 1139 1826 aetas,

414 1834 485 1888 Cum
503 1833 600 1887 domus
618 1834 747 1888 Assaraci
766 1834 896 1888 Phthiam
913 1834 1054 1903 clarasque
1072 1834 1202 1903 Mycenae

414 1910 533 1965 Servitic
550 1913 658 1979 premet
675 1926 707 1964 ac
724 1911 803 1965 victis
821 1911 1007 1966 dominabitur
1027 1912 1118 1980 Argis
1231 1922 1268 1961 ast

415 1986 552 2040 Nascetur
569 1986 683 2062 pulchra
701 1986 832 2041 Troianus
851 1987 956 2055 origine
975 1988 1082 2055 Caesar,

416 2062 558 2131 Inperium
577 2062 694 2130 Oceano,
711 2062 812 2117 fatuam
831 2062 880 2132 qui
898 2064 1030 2118 terminet
1047 2062 1136 2129 astris,

418 2138 513 2206 lulius,
530 2155 548 2193 a
564 2154 663 2206 magno
682 2138 832 2192 demissum
849 2156 949 2194 nomen
969 2140 1037 2193 Iulo.

417 2215 500 2268 Hunc
518 2218 550 2269 tu
567 2213 632 2268 olim
649 2214 732 2282 caelo,
750 2215 844 2283 spoliis
863 2215 984 2269 Orientis
1002 2219 1137 2280 onustum,

417 2290 546 2359 Accipies
563 2307 673 2357 secura;
690 2291 833 2345 vocabitur
850 2291 895 2345 hic
912 2308 1022 2360 quoque
1039 2291 1116 2345 rotis.
1192 2286 1193 2289 ’
1234 2302 1271 2341 mc

417 2369 528 2437 Aspera
545 2371 605 2423 tum
622 2368 720 2437 positis
737 2368 883 2423 mitescent
901 2367 1010 2422 saecula
1027 2368 1120 2433 bellis3

418 2444 495 2516 Cana
511 2444 604 2513 Fides,
622 2448 653 2499 ct
671 2445 766 2512 Vesta,
786 2446 873 2499 Remo
891 2462 953 2499 cum
971 2445 1057 2500 fratre
1076 2444 1215 2509 Quirinus,

418 2522 487 2576 Iura
504 2520 624 2588 dabunt3
641 2522 719 2576 dirae
737 2522 809 2575 ierro
828 2525 857 2576 et
876 2520 1041 2590 conpagibus
1058 2520 1127 2575 artis
1143 2565 1144 2570 ,

418 2598 590 2655 Claudentur
607 2597 678 2652 Belli
696 2603 808 2667 portao;
827 2598 917 2652 Furor
933 2597 1033 2666 impius
1051 2596 1125 2650 intus

419 2676 508 2729 Saeva
520 2674 620 2729 sedens
632 2691 713 2743 supcr
725 2678 843 2737 armaet
855 2678 966 2729 centum
978 2674 1085 2728 vinctus
1097 2672 1173 2727 aenis
1237 2685 1273 2725 aas

419 2750 489 2810 Post
506 2753 614 2819 tergum
632 2750 711 2804 nodis
728 2751 828 2805 fremet
845 2750 973 2804 horridus
991 2766 1039 2804 ore
1055 2752 1176 2803 emente.

455 2826 534 2881 Haec
551 2827 598 2895 ait,
616 2830 646 2882 et
664 2827 738 2881 Maia
753 2828 878 2896 genitum
896 2826 1019 2881 demittit
1036 2825 1072 2879 ab
1089 2824 1153 2894 alto,

419 2903 462 2959 Ut
479 2908 579 2969 torrae
595 2909 683 2974 utque
700 2921 787 2959 novae
804 2907 918 2974 pateant
938 2902 1116 2970 Karthaginis
1134 2917 1212 2955 arces

420 2980 551 3050 Hospitio
569 2981 688 3047 Teucris,
706 2998 741 3035 ne
759 2982 810 3035 fati
827 2981 918 3034 nescia
936 2979 1010 3033 Dido

420 3057 535 3114 Finibus
552 3061 666 3113 arceret.
702 3058 787 3112 Volat
804 3057 850 3111 ille
866 3073 919 3125 per
935 3072 1001 3110 aera
1017 3071 1145 3123 magnum
1238 3065 1276 3105 stu

421 3133 549 3201 Remigio
565 3134 678 3202 alarum,
696 3151 727 3189 ac
746 3134 847 3203 Libyae
865 3133 938 3187 citus
956 3131 1065 3188 adstitit
1083 3130 1145 3185 oris

420 3208 532 3264 Etiam
549 3210 623 3264 iussa
640 3211 713 3278 fucit,
731 3214 893 3280 ponuntque
911 3208 1013 3263 ferocia
1031 3207 1116 3261 Poeni

421 3285 514 3341 Corda
531 3285 638 3341 volente
656 3286 723 3354 deo;
740 3288 769 3341 in
786 3286 883 3356 primis
900 3285 996 3353 regina
1013 3283 1138 3353 quietum

422 3360 536 3434 Accipit
552 3362 581 3416 in
599 3363 718 3418 Teucros
736 3364 856 3417 animum
875 3365 1052 3429 mentemque
1070 3359 1223 3427 benignam.

458 3438 501 3493 At
517 3437 580 3508 pius
598 3441 715 3508 Aeneas,
732 3457 784 3509 per
800 3442 911 3494 noctem
927 3437 1050 3509 piurima
1063 3436 1193 3501 achaeus,
1249 3446 1294 3482 ‘aaa

422 3513 467 3586 Ut·
475 3514 597 3581 primum
613 3515 662 3569 iux
679 3516 753 3573 alma
770 3517 840 3574 data
857 3520 913 3590 est,
933 3517 1017 3574 exire
1031 3515 1176 3581 iocosque

407 3586 564 3654 mm
581 3607 675 3663 norog
693 3612 767 3665 quas
786 3602 879 3657 vento
899 3595 1065 3656 accesserit
1081 3604 1164 3655 oras,

398 3658 456 3766 .ρηί
472 3664 596 3735 m&
615 3685 683 3726 ”⁸¹¹¹
704 3673 822 3736 inculta
838 3679 942 3751 videt,
959 3674 1152 3733 hominesne
1164 3660 1316 3714 iexffisss
1342 3665 1347 3674 ’
