3467 4367
452 581 500 677 Eoi
690 628 720 678 P.
739 627 893 676 VERGILI
909 627 1076 677 MARONIS

451 708 520 762 lllae
538 713 637 775 autem,
654 707 765 776 paribus
782 723 850 774 quas
865 708 970 775 fulgere
987 710 1075 762 cernis
1092 710 1120 762 in
1138 713 1228 781 armis,

451 785 607 841 Concordes
624 784 729 837 animae
745 800 816 837 nunc
834 787 863 837 et
881 784 946 838 dum
963 788 1043 839 nocte
1059 793 1228 856 premuntur,

451 862 517 915 Heu
534 863 666 929 quantum
682 860 756 913 inter
773 876 802 913 se
820 859 929 928 bellum,
948 863 971 914 si
988 862 1090 915 lumina
1106 864 1180 918 vitae

452 937 614 1005 Attigerint,
634 940 750 1004 quantam
767 938 840 989 acies
859 939 1035 1006 stragemque
1053 939 1177 995 ciebunt!

452 1011 607 1081 Aggeribus
625 1028 702 1065 socer
722 1012 830 1079 Alpinis
848 1016 933 1081 atque
951 1030 1014 1068 arce
1032 1015 1157 1069 Monoeci
1270 1031 1307 1072 sao

452 1088 635 1155 Descendens,
653 1105 742 1157 gener.
755 1088 877 1143 adversis
895 1090 1045 1143 instructus
1063 1091 1134 1144 Eois.

452 1166 503 1233 Ne,
520 1165 604 1234 pueri,
623 1182 657 1218 ne
676 1168 753 1218 tanta
770 1165 866 1218 animis
885 1165 1038 1219 adsuescite
1056 1166 1136 1234 bella,

452 1242 514 1295 Neu
531 1241 637 1310 patriae
655 1241 758 1294 validas
775 1241 803 1293 iu
821 1241 926 1294 viscera
943 1242 1042 1295 vertite
1059 1243 1139 1308 viris3

452 1318 547 1386 Tuque
564 1318 645 1386 prior,
664 1319 696 1370 tu
713 1333 801 1385 parce,
820 1333 908 1385 genus
926 1318 973 1385 qui
991 1317 1067 1371 duom
1085 1318 1208 1387 Olympo,

452 1393 557 1447 Proiice
575 1394 632 1447 tola
649 1411 738 1457 manu,
758 1394 868 1461 sanguis
888 1409 964 1446 meus
974 1396 1016 1446 !-
1268 1409 1306 1448 sss

452 1469 504 1523 Ille
523 1470 689 1538 triumphata
708 1469 842 1538 Capitolia
859 1469 896 1524 ad
913 1469 969 1523 alta
988 1469 1120 1524 Corintho

452 1545 548 1598 Victor
566 1550 629 1613 aget
647 1563 763 1611 currum,
783 1545 869 1598 caesis
887 1545 999 1612 insignis
1018 1546 1135 1599 Achivis.

453 1618 538 1674 Eruet
555 1621 601 1675 ille
620 1623 711 1688 Argos
731 1621 1017 1689 Agamemnoniasque
1035 1620 1170 1690 Mycenas,
1260 1659 1272 1667 -

452 1694 600 1766 Ipsumque
620 1697 766 1762 Aeaciden,
784 1712 872 1763 genus
891 1697 1079 1764 armipotentis
1098 1695 1207 1763 Achilli,

452 1772 534 1827 Ultus
551 1789 614 1826 avos
633 1773 735 1836 Troiae,
754 1771 858 1839 templa
877 1776 906 1825 et
924 1775 1058 1828 temerata
1076 1772 1222 1827 Minervae.
1267 1789 1304 1829 sio

453 1849 518 1916 Qiris
531 1852 566 1913 te,
578 1865 676 1915 magne
688 1848 763 1911 Cato,
781 1849 903 1913 tacitum,
922 1852 970 1902 aut
987 1851 1023 1914 te,
1041 1849 1131 1916 (losse,
1149 1849 1303 1917 relinquati

452 1923 518 1988 Quis
536 1921 657 1978 Gracchi
668 1940 762 1992 genus,
780 1928 829 1977 aut
847 1925 976 1992 geminos,
996 1924 1050 1977 duo
1067 1924 1181 1978 fulmina
1197 1924 1268 1990 belli,

451 2000 598 2069 Scipiadas,
617 1999 722 2053 cladem
742 1999 850 2068 Libyae,
869 2015 1006 2068 parvoque
1024 2003 1164 2068 potentem

452 2075 613 2143 Fabricium,
632 2076 675 2129 vel
693 2079 722 2130 te
740 2076 821 2140 sulco,
841 2076 965 2141 Serrana,
985 2077 1140 2130 serenteml

452 2152 511 2216 Quo
527 2152 629 2205 fessum
647 2153 751 2220 rapitis,
772 2150 866 2205 Fabii?
885 2155 916 2204 tu
934 2151 1080 2204 Maxumus
1097 2150 1143 2204 ille
1161 2167 1199 2219 es,
1267 2166 1303 2206 suo

450 2227 529 2281 Unus
547 2228 594 2296 qui
611 2228 688 2281 uobis
707 2228 858 2282 cunctando
877 2227 1000 2281 restituis
1017 2242 1082 2280 rem.

450 2302 594 2358 Excudent
614 2304 658 2356 alii
678 2304 808 2371 spirantia
826 2303 933 2357 mollius
951 2319 1020 2366 aera,

451 2378 540 2432 Credo
558 2379 693 2447 equidem,
711 2379 784 2432 vivos
803 2378 904 2431 ducent
922 2377 957 2432 dc
974 2394 1109 2432 marmore
1127 2379 1222 2443 voltus,

451 2454 576 2507 Orabunt
595 2471 701 2507 caussas
719 2455 823 2520 melius,
842 2453 963 2521 melique
981 2458 1087 2507 meatus

450 2528 612 2583 Describent
629 2529 706 2582 radio
725 2533 753 2581 et
772 2529 911 2597 surgentia
929 2529 1018 2581 sidera
1036 2529 1142 2584 dicent:
1266 2545 1304 2585 ooo

450 2605 491 2657 Τιι
509 2620 605 2670 regere
622 2604 726 2671 inperio
743 2605 863 2672 populos,
883 2604 1013 2672 Romano,
1031 2610 1182 2671 memento;

451 2680 513 2734 Hae
529 2674 582 2733 vtibi
600 2683 681 2733 erunt
699 2683 786 2745 artes3
804 2680 933 2748 pacisque
952 2681 1080 2748 inponere
1098 2698 1209 2749 morem,
1281 2731 1288 2758 ,
1379 2723 1381 2728 .

451 2756 567 2809 Parcere
579 2754 720 2820 ¹subiectis,
740 2760 768 2810 et
786 2755 924 2809 debellare
943 2756 1080 2824 superbos.
1212 2775 1259 2830 J
1284 2739 1380 2832 ἐμμὶ,

485 2831 529 2885 Sie
547 2835 625 2899 pater
645 2832 782 2896 Anchises,
801 2836 885 2900 atque
902 2833 969 2886 haec
987 2833 1149 2887 mirantibus
1167 2832 1260 2888 addit:
1282 2823 1300 2867 ⁴¹¹

451 2908 558 2976 Aspice,
577 2912 609 2961 ut
623 2907 737 2975 insignis
755 2908 848 2976 spoliis
867 2908 1013 2962 Marcellus
1030 2910 1127 2977 opimis
1266 2925 1303 2963 sos

451 2984 617 3051 Ingreditur,
636 2985 775 3053 victorque
792 2984 864 3039 viros
884 2985 1069 3052 supereminet
1087 2985 1185 3039 omnis!

453 3060 506 3113 Hie
520 3076 579 3113 rom
598 3060 756 3125 Romanam,
775 3078 874 3128 magno
895 3061 1023 3113 turbante
1042 3061 1169 3127 tumultu,

452 3136 544 3203 Sistet,
561 3152 645 3205 eques
663 3140 769 3190 sternet
788 3136 893 3191 Poenos
912 3136 1075 3205 Gallumque
1093 3136 1229 3201 rebellem,

452 3212 598 3280 Teitiaque
615 3229 691 3266 arma
707 3213 779 3281 patri
798 3214 947 3281 suspendet
967 3217 1047 3282 capta
1066 3213 1185 3278 Quirino.

452 3290 546 3356 Atque
563 3289 607 3342 hic
627 3293 749 3354 Aeueas;
766 3306 820 3342 una
837 3306 955 3358 namque
973 3290 1013 3342 ire
1031 3289 1144 3343 videbat
1266 3300 1304 3340 sou

452 3364 598 3431 Egregium
616 3366 702 3418 forma
719 3366 843 3419 iuvenem
862 3369 891 3418 et
909 3365 1075 3431 fulgentibus
1093 3364 1182 3430 armis,

442 3439 504 3492 Sed
519 3440 596 3496 Auris
612 3442 686 3496 lacta
705 3456 810 3511 parum,
827 3445 856 3496 ct
875 3441 980 3495 deiecto
999 3441 1100 3493 lumina
1117 3439 1205 3492 voltu:

431 3513 507 3583 0⁸¹5&
524 3522 617 3589 Pater,
638 3520 693 3590 ille,
716 3521 808 3577 virum
828 3520 877 3592 qui
895 3518 936 3574 sic
953 3517 1101 3574 comitatur
1119 3516 1248 3567 euntemu

414 3586 515 3660 fflfflb
537 3613 615 3655 aune
636 3602 747 3674 aliquis
766 3619 875 3672 magua
895 3599 934 3654 de
952 3598 1044 3665 stirpe
1059 3588 1227 3671 uopotuuxl¹
1267 3655 1275 3667 .

403 3660 480 3725 θυῖε
489 3675 645 3750 strepitus
666 3684 751 3740 circa
767 3681 935 3739 comitum!
954 3676 1103 3748 quantum
1115 3664 1208 3717 instar
1223 3672 1258 3707 m
1269 3653 1348 3718 iuml
