3467 4367
467 644 497 693 14
691 644 721 693 P.
745 642 901 692 VERGILI
923 642 1090 691 MARONIS

463 722 621 779 Perducant
639 723 747 792 aliquae
758 723 873 779 stabula
890 724 927 777 ad
945 724 1078 792 Gortynia
1094 738 1200 778 vaccae.
1295 738 1322 778 eo

462 799 532 865 Tum
549 800 623 854 canit
642 800 827 869 Hesperidum
845 800 972 854 miratam
990 801 1060 853 mala
1078 798 1212 867 puellam

461 874 530 929 Tum
550 875 784 930 Phaethontiadas
800 892 894 929 musco
911 875 1063 929 circumdat
1079 890 1190 928 amarae

462 952 587 1021 Corticis,
604 956 689 1020 atque
706 952 763 1005 solo
780 968 908 1020 proceras
926 952 1009 1019 erigit
1026 953 1110 1008 alnos.

461 1028 530 1082 Tum
547 1028 628 1096 canit,
646 1031 784 1081 errantem
803 1028 940 1082 Permessi
957 1028 993 1082 ad
1012 1029 1124 1083 flumina
1142 1029 1252 1084 Gallum

461 1105 554 1158 Aonas
572 1104 601 1157 in
619 1104 719 1157 montis
736 1107 769 1157 ut
786 1103 897 1158 duxerit
914 1120 969 1157 una
987 1121 1117 1174 sororum,
1291 1120 1318 1160 os

460 1179 555 1249 thue
573 1180 631 1233 viro
650 1179 754 1233 Phoebi
773 1179 872 1233 chorus
889 1179 1077 1234 adsurrexerit
1094 1185 1197 1253 omnisy

460 1256 500 1309 Ut
519 1256 603 1309 Linus
620 1255 687 1308 haec
705 1255 754 1323 illi,
771 1255 863 1309 divino
881 1256 999 1309 carmine
1017 1260 1116 1324 pastor,

462 1331 585 1385 Floribus
602 1334 687 1400 atque
706 1331 768 1400 apio
785 1331 868 1385 crinis
887 1335 1000 1385 ornatus
1017 1349 1115 1397 amaro,

460 1406 584 1461 Dixerit:
605 1407 665 1461 Hos
682 1406 733 1462 tibi
751 1408 819 1461 dant
836 1406 960 1475 calamos,
978 1424 1012 1461 en
1030 1410 1128 1476 accipe,
1148 1412 1253 1477 Musae,

460 1483 580 1537 Ascraeo
597 1499 666 1553 quos
683 1487 748 1537 ante
766 1484 833 1552 seni,
851 1483 951 1552 quibus
970 1482 1016 1537 ille
1035 1484 1140 1538 solebat
1288 1501 1315 1543 co

458 1558 600 1613 Cantando
618 1559 721 1626 rigidas
739 1559 876 1613 deducere
893 1558 1032 1612 montibus
1049 1576 1136 1615 ornos.

458 1632 512 1689 His
529 1634 581 1689 tibi
599 1633 701 1701 Grynei
719 1635 837 1688 nemoris
855 1635 963 1689 dicatur
981 1635 1064 1705 origo,

457 1710 483 1763 N
485 1728 501 1765 e
518 1710 580 1781 quis
598 1710 634 1763 sit
651 1710 735 1778 lucus,
753 1728 807 1778 quo
826 1728 855 1765 se
873 1711 934 1779 plus
951 1712 1036 1765 iactet
1054 1714 1159 1782 Apollo.

457 1787 530 1851 Quid
547 1787 650 1855 loquar,
668 1789 716 1839 aut
734 1782 848 1853 Scyllam
868 1787 936 1855 Nisi,
954 1805 1035 1857 quani
1053 1788 1126 1842 fama
1143 1795 1238 1845 secuta
1255 1796 1300 1846 est

457 1863 581 1916 Candida
598 1862 763 1916 succinctam
781 1861 946 1916 latrantibus
963 1864 1075 1931 inguina
1092 1867 1221 1920 monstris
1285 1882 1312 1924 ve

457 1936 595 1992 Dulichias
613 1954 726 1992 vexasse
743 1941 818 1991 rates
836 1942 865 1992 et
882 1939 992 2006 gurgite
1010 1937 1039 1992 in
1057 1940 1112 1994 alto

457 2014 517 2069 Ah!
536 2014 648 2069 timidos
665 2017 762 2068 nautas
779 2013 891 2069 canibus
908 2013 1042 2070 lacerasse
1059 2018 1181 2083 marinis,

456 2094 517 2145 Aut
534 2093 566 2144 ut
582 2094 704 2145 mutatos
722 2090 800 2143 Terei
818 2091 971 2145 narraverit
988 2096 1072 2160 artus,

456 2166 530 2230 Quas
547 2167 587 2221 illi
604 2166 754 2230 Philomela
771 2166 868 2236 dapes,
887 2184 957 2237 quae
976 2168 1047 2222 dona
1064 2171 1175 2235 pararit,

457 2241 516 2306 Quo
533 2260 615 2297 cursu
632 2243 744 2297 deserta
760 2243 899 2313 petiverit,
917 2247 946 2298 et
965 2244 1064 2312 quibus
1082 2246 1147 2299 ante
1285 2263 1313 2301 so

456 2318 556 2373 Infelix
573 2336 623 2373 sua
639 2323 714 2373 tecta
731 2320 969 2387 supervolitaverit
987 2319 1059 2374 alisl

455 2392 560 2462 Omnis,
578 2411 656 2462 quae,
675 2393 786 2448 Phoebo
805 2396 944 2464 quondam
962 2395 1122 2461 meditante,
1141 2398 1239 2451 beatus

456 2470 555 2522 Audiit
573 2470 690 2523 Eurotas
708 2469 841 2537 iussitque
858 2470 981 2525 ediscere
998 2471 1098 2537 lamus,

455 2544 508 2598 Ille
525 2545 615 2598 canit:
632 2544 726 2612 pulsae
743 2545 869 2598 referunt
886 2545 922 2598 ad
941 2545 1032 2599 sidera
1050 2545 1149 2608 valles3

454 2619 559 2689 Cogere
577 2619 663 2673 donec
680 2620 738 2673 ovis
755 2619 872 2673 stabulis
889 2636 1087 2688 numerumque
1105 2616 1202 2674 referri
1284 2641 1311 2681 aa

455 2696 541 2750 Iussit
557 2698 587 2749 et
603 2694 689 2748 invito
706 2693 838 2763 processit
855 2695 964 2763 Vesper
982 2694 1104 2763 Olympo.

736 2833 924 2921 senoch
946 2865 1024 2923 vn.

769 2967 988 3019 MELIBOEUS.

637 3070 806 3111 Memnones
831 3072 969 3113 CORYDON.
995 3075 1121 3117 vnvnsls.

452 3150 495 3205 Μ.
514 3152 610 3207 Fortun
628 3150 679 3205 sub
696 3155 795 3219 arguta
812 3154 974 3208 consederat
992 3155 1054 3209 ilice
1073 3156 1203 3224 Daphnis,

453 3226 702 3296 compulerantque
719 3244 817 3295 greges
836 3228 963 3298 Corydon
982 3233 1011 3285 et
1029 3231 1140 3300 Thyrsis
1157 3232 1185 3284 in
1203 3248 1296 3301 unum,

452 3301 562 3371 Thyrsis
581 3302 646 3365 ovis,
666 3302 791 3370 Corydon
809 3304 946 3361 distentas
964 3307 1036 3361 laete
1053 3306 1178 3376 capellas,

453 3378 544 3432 Ambo
561 3380 689 3432 florentes
707 3380 852 3449 aetatibus,
874 3383 998 3437 Arcades
1016 3382 1103 3453 ambo,

451 3452 490 3506 m
507 3459 618 3509 cantare
636 3473 723 3526 pares,
741 3461 771 3510 et
788 3449 956 3526 respondere
967 3459 1071 3527 parati.
1295 3477 1308 3515 ι

433 3524 506 3609 Idae
519 3531 596 3597 mihi
616 3532 685 3587 dum
705 3537 820 3591 teneras
838 3534 960 3590 defendo
976 3550 996 3588 a
1012 3535 1116 3602 irigore
1130 3537 1248 3600 myrtos,

426 3591 586 3689 ἦῑβζθὲίθ
595 3608 664 3677 ipse
676 3628 765 3683 caper
777 3613 986 3679 deerraverat3
1002 3616 1092 3679 atque
1103 3605 1314 3687 ogohaplonlm

399 3665 534 3735 ASJMIO.
577 3685 639 3741 Hie
660 3690 713 3745 ubi
734 3709 783 3747 me
804 3696 915 3749 contra
930 3690 1036 3748 videt:
1055 3686 1158 3746 Ochus,
1172 3678 1282 3742 ’ΜΨ
1308 3697 1337 3746 0

386 3791 393 3842 t
838 3803 855 3836 ο
