3467 4367
694 636 874 685 AENEIDOS
890 635 960 687 LIB.
980 634 1029 685 Vl.
1239 635 1285 687 197

436 713 554 771 Tantum
572 717 678 784 effatus,
697 720 726 769 55
743 716 772 769 15
789 716 874 770 verbo
891 717 1007 785 vestigia
1024 716 1113 772 torsit.

472 790 595 860 Respicit
614 794 724 846 Aeneas
742 792 840 858 subito,
859 795 889 846 et
908 793 958 846 sub
976 810 1045 861 rupe
1063 792 1173 848 sinistra

436 865 546 921 Moenia
562 868 620 921 lata
637 867 720 934 videt,
738 867 839 936 triplici
858 868 1026 922 circumdata
1043 885 1130 937 muru,

437 941 514 1006 Quae
531 944 644 1011 rapidus
662 943 778 996 fiammis
796 944 883 997 ambit
901 944 1069 998 torrentibus
1088 942 1182 1011 amnis,
1251 957 1287 997 555

437 1017 584 1072 Tartareus
603 1019 781 1087 Phlegethon,
800 1022 968 1087 torquetque
987 1021 1110 1085 sonantia
1128 1015 1201 1074 saxa.

438 1093 522 1148 Porta
540 1095 662 1162 adversa,
680 1096 782 1163 ingens,
801 1094 942 1182 solidoque
960 1094 1105 1149 adamante
1123 1096 1270 1161 columnae,

439 1170 488 1222 Vis
506 1174 538 1224 ut
558 1172 630 1225 nulla
648 1171 744 1239 virum,
763 1187 817 1223 non
835 1170 887 1238 ipsi
906 1171 1066 1225 exscindere
1083 1171 1156 1225 bello

437 1246 587 1301 Caelicolae
605 1246 729 1313 valeant;
752 1250 809 1300 stat
826 1247 917 1299 ferrea
934 1247 1018 1299 turris
1036 1247 1072 1300 ad
1090 1264 1177 1315 auras,

437 1321 636 1390 Tisiphoneque
655 1288 761 1389 5551515,
780 1322 853 1390 palla
871 1322 1007 1376 succincta
1023 1327 1142 1388 cruenta,
1252 1336 1288 1375 555

439 1398 610 1451 Vestibulum
628 1400 765 1453 exsomnis
784 1402 876 1451 servat
894 1401 1041 1467 noctesque
1059 1398 1181 1467 diesque.

439 1474 511 1527 Hinc
529 1476 653 1528 exaudiri
671 1476 798 1543 gemitus,
817 1479 846 1528 55
865 1491 946 1528 sseva
964 1491 1059 1529 sonare

440 1550 610 1615 Verbera5t
598 1555 657 1604 tum
676 1551 777 1604 stridor
794 1551 867 1618 ferri,
886 1554 1046 1619 tractaeque
1063 1554 1183 1605 catenae.

438 1626 568 1679 Constt
510 1627 568 1679 titit
587 1629 704 1693 Aeneas,
723 1628 897 1715 strepituque
915 1628 1064 1681 exterritus
1082 1627 1176 1681 haesit

393 1702 781 1806 Δ5115555551555551551551
802 1719 818 1756 5
836 1703 921 1772 virgo,
940 1703 1037 1756 effare
1032 1702 1189 1772 ‚quibusve
1252 1717 1288 1756 555

393 1765 598 1846 ᾎΗις55ιι555
615 1780 725 1867 ppenisl
745 1780 806 1850 quis
824 1783 919 1833 tantus
936 1780 1050 1849 plangor
1068 1779 1104 1832 ad
1121 1781 1218 1834 aurasl

439 1854 506 1907 Tum
524 1859 601 1909 vates
619 1856 658 1909 sic
676 1873 737 1910 orsa
755 1856 843 1926 loqui:
866 1856 930 1909 Dux
948 1855 1051 1909 inclute
1070 1855 1210 1924 Teucrum,

439 1930 515 1983 Nulli
532 1931 573 1985 fas
591 1937 665 1986 casto
684 1934 846 1987 sceleratum
865 1932 992 1986 insistere
1010 1931 1107 1996 limem

439 2006 494 2059 Sed
512 2022 556 2060 me
574 2024 634 2061 cum
652 2008 719 2063 lucis
739 2010 845 2062 Hecate
862 2008 997 2076 praefecit
1016 2007 1272 2074 Auernis„

440 2082 504 2151 Ipsa
523 2082 604 2136 deum
621 2100 722 2151 poenas
740 2084 841 2149 docuit
859 2100 965 2152 perque
983 2084 1072 2135 omnia
1090 2082 1228 2160 duxits‘
1254 2096 1289 2134 sos
1347 2079 1368 2100 ⁸¹

440 2158 556 2211 Gnosius
574 2158 640 2211 haee
660 2124 885 2214 Rhadamanthus
902 2158 993 2222 habet,
1013 2157 1159 2210 durissima
1175 2172 1268 2225 regna,
1356 2170 1358 2174 ’

440 2233 618 2319 Castigatque
636 2234 767 2300 auditque
786 2232 869 2299 dolos,
888 2233 1046 2300 subigitque
1064 2232 1154 2301 fateri,

441 2307 517 2370 Quae
535 2308 596 2374 quis
613 2309 687 2376 apud
706 2323 826 2375 superos,
841 2308 916 2360 furto
933 2308 1077 2361 laetatus
1070 2308 1150 2377 mani,

441 2382 555 2436 Distulit
572 2382 600 2435 in
619 2399 706 2435 seram
725 2382 869 2436 commissa
886 2383 992 2451 piacula
1009 2388 1133 2440 mortem.

442 2458 574 2511 Continuo
592 2459 677 2512 sontis
694 2459 780 2512 ultrix
798 2459 918 2513 accincta
935 2460 1043 2529 flagello
1254 2474 1291 2516 555
1358 2507 1360 2511 .

441 2534 585 2603 Tisiphone
604 2536 694 2603 quatit
711 2536 851 2604 insultans,
872 2540 1016 2607 torvosque
1034 2537 1145 2592 sinistra

443 2612 585 2665 [ntentans
603 2613 697 2680 anguis
715 2617 793 2667 vocat
811 2614 919 2681 agmina
937 2631 1017 2668 saeva
1035 2632 1165 2669 sororum.

441 2688 508 2741 Tum
527 2688 638 2742 demum
655 2688 797 2743 horrisono
816 2690 966 2745 stridentes
984 2692 1094 2745 cardine
1113 2708 1206 2745 sacrae

441 2764 602 2819 Panduntur
618 2770 720 2834 portae.
759 2767 861 2834 Cernis,
880 2767 1005 2821 custodia
1023 2768 1111 2836 qualis

441 2840 586 2896 Vestibulo
605 2841 716 2897 sedeatl
735 2843 816 2896 facies
834 2860 904 2909 quae
922 2844 1015 2896 limina
1034 2845 1141 2897 servetl
1254 2858 1289 2898 575

441 2918 643 2987 Quinquaginta
661 2920 729 2973 atris
746 2920 862 2972 inmanis
879 2918 999 2973 hiatibus
1019 2919 1116 2986 Hydra

441 2994 551 3048 Saevior
567 2996 642 3049 intus
660 2995 743 3049 habet
762 2994 863 3048 sedem.
900 2994 968 3048 Tum
986 2995 1118 3049 Tartarus
1136 2994 1196 3063 ipse

441 3069 489 3123 Bis
506 3075 584 3139 patet
601 3071 629 3124 in
647 3088 776 3140 praeceps
794 3074 902 3124 tantum
919 3071 1066 3139 tenditque
1084 3070 1135 3126 sub
1153 3070 1272 3139 umbras,

441 3147 564 3211 Quantus
583 3147 620 3201 ad
637 3147 790 3201 aetherium
808 3146 876 3199 caeli
896 3150 1037 3215 suspectus
1056 3147 1208 3217 Olympum.

441 3223 495 3276 Hic
512 3240 598 3290 genus
616 3224 758 3291 antiquum
777 3221 884 3291 Terrae,
904 3221 1009 3276 Titania
1026 3223 1120 3292 pubes,
1254 3237 1291 3277 555

441 3299 566 3352 Fulmina
584 3299 683 3352 deiecti
700 3298 785 3351 fundo
803 3298 948 3351 volvuntur
964 3298 993 3351 in
1010 3298 1071 3354 imo.

442 3374 495 3427 llic
513 3378 542 3428 et
561 3374 674 3429 Aloidas
691 3374 814 3442 geminos
831 3374 949 3428 inmania
967 3375 1023 3429 vidi

440 3450 569 3519 Corpora,
587 3450 634 3517 qui
651 3451 775 3504 manibus
793 3466 923 3518 magnum
941 3452 1104 3505 rescindens
1121 3453 1237 3505 caelum

440 3525 579 3593 Adgressi,
597 3525 761 3596 superisque
779 3527 880 3583 Iovem
898 3526 1061 3583 detrudere
1074 3526 1189 3591 regnis

435 3598 497 3652 Vidi
513 3604 544 3654 et
560 3601 685 3657 crudelis
703 3604 826 3663 dantem
844 3606 1009 3663 Salmonea
1022 3613 1175 3673 poenas,
1234 3657 1242 3669 ,
1312 3589 1361 3624 ω’

417 3671 491 3726 Dnrn
510 3675 640 3733 dammas
662 3681 743 3738 Iovis
764 3688 796 3741 et
816 3686 939 3741 sonitus
953 3680 1099 3737 imitatur
1119 3655 1265 3732 (ΜΨ
