3467 4367
690 657 874 707 AENEIDOS
890 658 960 709 LIB.
979 658 1045 708 XII.
1254 659 1301 709 885

450 736 567 804 Occidit,
584 736 771 808 occideritque
789 738 862 793 sinas
880 754 942 794 cum
959 738 1068 794 nomine
1086 738 1173 796 Troia.

450 814 505 867 Olli
522 813 668 868 subridens
685 815 827 869 hominum
843 832 990 884 rerumque
1007 819 1148 884 repertor:

448 889 487 942 Ee
504 907 633 958 germana
652 891 726 945 loris
738 892 904 960 Saturnique
922 892 1008 945 altera
1026 891 1128 960 proles:
1261 904 1300 947 sto

450 966 558 1019 Irarum
576 970 668 1021 tantos
686 962 841 1022 rolris'sub
858 971 969 1035 pectore
987 968 1100 1022 fluctus!

450 1042 553 1097 Verum
571 1037 622 1112 age
639 1047 669 1100 et
686 1043 825 1113 inceptum
842 1045 947 1099 frustra
964 1042 1097 1097 submitte
1113 1044 1247 1100 furorem:

448 1118 499 1185 Do,
517 1121 593 1187 quod
608 1120 658 1189 vis,
674 1123 706 1176 et
722 1136 767 1175 me
783 1119 927 1189 victusque
944 1118 1091 1188 volensque
1108 1120 1228 1175 remitto.

448 1194 607 1249 Sermonem
625 1195 742 1250 Ausonii
759 1196 878 1264 patrium
897 1210 1042 1262 moresque
1059 1193 1199 1261 tenebunt,

448 1270 544 1339 thue
561 1274 615 1336 est,
621 1288 720 1326 nomen
737 1271 807 1336 erit;
830 1270 970 1325 commixti
988 1286 1101 1338 corpore
1118 1273 1226 1324 tantum
1259 1284 1296 1325 sas

448 1346 596 1402 Subsident
614 1348 865 1412 'leuem-morem
883 1347 1008 1414 ritusque
1026 1362 1166 1399 sacrorum

448 1421 786 1492 Adiiciam3-faciamque
803 1422 891 1476 omnis
908 1438 962 1475 uno
980 1438 1028 1475 ore
1046 1421 1165 1475 Latinos.

449 1498 521 1550 Hine
537 1513 623 1564 genus
642 1498 764 1551 Ausonio
779 1497 898 1551 mixtum
914 1496 990 1565 quod
1008 1496 1139 1563 sangiune
1157 1499 1259 1565 surget,

448 1572 536 1639 Supra
552 1571 683 1640 homines,
695 1589 778 1641 supra
794 1573 836 1627 ire
853 1572 921 1626 deos
938 1572 1042 1641 pietate
1062 1570 1176 1640 videbis,

447 1648 473 1699 N
475 1664 505 1700 ee
521 1664 589 1714 gens
605 1648 662 1702 nlla
678 1651 741 1702 tuos
758 1664 846 1717 aeque
863 1647 1014 1702 celebrabit
1031 1648 1156 1702 honores.
1260 1661 1298 1701 ss)

447 1723 556 1777 Adnuit
567 1724 610 1778 his
629 1724 707 1792 Iuno,
726 1728 756 1778 et
772 1727 894 1778 mentem
912 1725 1014 1779 laetata
1032 1724 1151 1779 retorsit

447 1799 559 1854 Interea
575 1801 685 1855 excedit
701 1801 783 1870 eaelo,
801 1800 958 1869 nubemque
976 1800 1115 1869 relinquit.
1220 1830 1325 1855 N...

481 1876 534 1930 His
550 1877 619 1931 actis
636 1877 711 1931 aliud
730 1877 845 1931 Genitor
863 1893 955 1931 seeum
972 1878 1032 1944 ipse
1050 1876 1163 1942 volutat,
1294 1877 1333 1894 *⁸

429 2007 432 2014 .
446 1950 645 2021 Iuturnamque
661 1956 743 2020 parat
759 1952 853 2005 fratris
872 1952 1013 2005 dimittere
1030 1951 1066 2005 ab
1084 1949 1175 2003 armis.

445 2025 580 2080 Dicuntur
596 2029 721 2096 geminae
738 2031 831 2095 pestes
849 2027 1009 2094 cognomine
1028 2026 1119 2091 Dirae,
1258 2039 1295 2079 sss

445 2101 519 2165 Quas
537 2106 566 2155 et
585 2102 744 2155 Tartaream
762 2102 825 2154 Nox
836 2102 1003 2168 intempesta
1021 2100 1179 2167 Megaeram

443 2176 506 2230 Uno
524 2176 676 2245 eodemque
693 2177 759 2230 tulit
776 2180 864 2243 partu,
882 2175 1049 2244 paribusque
1067 2174 1187 2230 revinxit

443 2252 607 2320 Serpentum
625 2251 713 2320 spiris,
731 2254 913 2319 ventosasque
930 2249 1039 2304 addidit
1056 2250 1129 2305 alas:

443 2328 506 2380 Hae
524 2326 599 2380 Iovis
616 2327 653 2380 ad
671 2326 769 2380 solium
788 2326 916 2393 saevique
934 2326 963 2378 in
980 2326 1073 2379 limine
1091 2324 1164 2393 regis

443 2403 596 2472 Adparent,
614 2407 769 2471 acuuntque
787 2405 891 2455 metum
909 2400 1070 2455 mortalibus
1088 2401 1203 2469 aegris,-
1256 2419 1294 2459 eso

442 2479 472 2533 Si
490 2479 600 2548 quando
617 2478 705 2533 letum
721 2478 879 2531 horrificum
892 2477 1060 2546 morbosque
1078 2477 1160 2531 deum
1178 2493 1229 2533 rex

442 2554 563 2621 Molitur,
581 2555 695 2608 meritas
713 2558 761 2608 aut
778 2554 851 2607 bello
868 2554 980 2607 territat
997 2552 1088 2607 urbes.

444 2629 549 2681 Harum
568 2647 649 2682 unam
667 2630 783 2683 celerem
801 2629 914 2683 demisit
932 2627 967 2681 ab
985 2629 1097 2683 aethere
1115 2644 1222 2683 summo

442 2704 575 2773 Iuppiter,
592 2705 675 2773 inque
693 2721 773 2758 omen
792 2703 924 2758 Iuturnae
941 2720 1083 2758 occurrere
1099 2704 1187 2759 iussit
1268 2772 1273 2779 Ι

441 2780 495 2833 illa
511 2780 593 2848 volat,
610 2780 747 2849 celerique
764 2778 801 2833 ad
818 2782 921 2833 terram
939 2779 1050 2834 turbine
1067 2780 1161 2834 fertur.
1254 2793 1290 2832 ees

440 2855 467 2908 N
468 2872 503 2909 on
521 2872 606 2924 secus,
624 2873 656 2910 ac
673 2871 756 2909 nervo
774 2871 824 2923 per
840 2853 942 2908 nubem
959 2854 1067 2923 inpulsa
1084 2855 1191 2923 sagitta

440 2933 584 2986 Armatam
602 2931 675 2986 saevi
694 2930 813 2984 Parthus
831 2947 914 2998 quam
932 2930 996 2984 felle
1014 2931 1117 2995 veneni,

440 3006 567 3075 Parthus,
585 3008 642 3062 sive
661 3007 761 3076 Oydon,
780 3005 866 3059 telum
893 3005 1090 3074 inmedicabile,
1108 3005 1196 3072 torsit,

439 3083 565 3139 Stridens
583 3087 612 3140 et
629 3084 725 3138 celeris
741 3080 880 3150 incognita
897 3082 1017 3136 transilit
1033 3080 1158 3135 umbras:
1277 3129 1281 3138 ,

438 3159 511 3213 Talis
529 3177 558 3214 se
576 3165 635 3214 sata
653 3161 741 3214 Nocte
759 3157 831 3222 tulit,
849 3159 995 3226 terrasque
1011 3156 1117 3225 petivit.
1251 3172 1289 3213 seo

438 3234 587 3303 Postquam
604 3237 676 3290 acies
694 3235 771 3290 videt
789 3232 889 3287 Iliacas
907 3235 992 3300 atque
1010 3233 1118 3300 agmina
1136 3231 1227 3303 Turni,

438 3309 523 3363 Alitis
540 3310 568 3362 in
585 3328 685 3378 parvae
703 3310 822 3365 subitam
840 3307 955 3362 collecta
972 3307 1095 3374 figuram,

438 3385 514 3449 Quae
532 3386 670 3452 quondam
686 3388 715 3440 in
732 3386 821 3441 bustis
839 3386 888 3437 aut
906 3383 1067 3437 culminibus
1085 3383 1203 3440 desertis

437 3462 525 3514 Nocte
543 3461 643 3515 sedens
660 3477 752 3515 serum
769 3459 843 3514 canit
860 3459 1007 3528 inportuna
1024 3476 1074 3528 per
1090 3459 1229 3519 umbras³

408 3569 411 3574 -
437 3537 517 3590 Hane
534 3552 613 3590 versa
629 3536 658 3590 in
675 3536 775 3591 faciem
792 3534 883 3590 'lurni
899 3552 932 3591 se
947 3536 1043 3605 pestis
1058 3534 1098 3587 ob
1116 3546 1173 3583 ora.
1277 3536 1326 3599 {ab

426 3611 551 3680 Fertque
568 3612 716 3685 refertque
735 3630 849 3686 sonans,
866 3612 1060 3685 clipeumque
1077 3597 1243 3661 emeruerat·
1257 3587 1330 3637 Q

415 3685 464 3736 Illi
480 3687 609 3743 membra
627 3708 722 3747 novus
741 3692 832 3749 solvit
849 3689 1021 3748 tormidine
1039 3691 1165 3750 torpuit
