3467 4367
462 614 508 660 154
689 613 719 662 Ρ.
739 612 895 661 VERGILI
913 612 1080 661 MARONIS

462 690 499 745 llt
510 691 595 746 solem
607 692 745 759 geminum
757 694 787 745 et
799 691 915 759 duplicis
927 707 957 746 se
968 692 1115 749 ostendere
1127 694 1250 761 Thebas3
1278 710 1316 749 4⁷0

461 767 521 821 Aut
539 766 772 836 Agamemnonius
789 768 894 821 scaenis
912 768 1032 835 agitatus
1051 768 1165 825 Orestes

462 844 606 898 Armatam
623 843 726 896 facibus
744 847 860 897 matrem
879 847 908 898 et
925 844 1099 912 serpentibus
1116 848 1186 902 atris
1243 829 1377 959 040(ss

461 918 529 973 (lum
547 919 626 988 fugit,
643 919 813 987 ultricesque
830 920 929 974 sedent
946 919 974 973 in
992 920 1085 975 limine
1103 922 1195 978 Dirae
1212 982 1235 1002 f

495 995 568 1063 Ergo
584 994 631 1048 ubi
649 996 775 1063 concepit
792 996 878 1049 furias
896 996 985 1049 evicta
1003 995 1098 1052 dolore
1198 999 1211 1018 ”

461 1072 644 1141 Decrevitque
662 1072 739 1140 mori,
757 1076 867 1141 tempus
886 1089 978 1126 secum
996 1072 1055 1141 ipsa
1072 1073 1240 1146 modumque
1280 1091 1318 1133 ers

461 1148 562 1216 Exigit,
579 1151 617 1216 et,
636 1152 769 1203 maestam
788 1148 871 1202 dictis
888 1148 1019 1217 adgressa
1037 1166 1166 1219 sororem,

461 1224 610 1278 Consilium
628 1225 705 1278 voltu
722 1225 800 1293 tegit,
818 1241 851 1279 ac
868 1240 945 1293 spem
963 1225 1053 1279 fronte
1071 1230 1195 1282 serenat:

462 1300 564 1366 Inveni,
582 1317 718 1369 germana,
737 1300 962 1369 viam-gratare
980 1302 1102 1355 sorori-

461 1377 538 1441 Quae
556 1377 623 1431 mihi
640 1377 741 1431 reddat
759 1393 830 1445 eum,
847 1377 891 1431 vel
910 1392 942 1430 eo
960 1393 1004 1430 me
1023 1378 1112 1433 solvat
1129 1382 1275 1433 amantom.

461 1452 563 1507 Oceani
579 1454 662 1508 fincm
680 1454 758 1508 iuxta
775 1453 915 1522 solemque
933 1452 1077 1507 cadentem
1279 1470 1318 1511 480

422 1517 434 1539 ⁶
461 1529 582 1584 Ultimus
600 1530 770 1598 Aethiopum
786 1529 861 1582 locus
879 1532 929 1593 est,
948 1529 995 1582 ubi
1012 1547 1156 1585 maxumus
1173 1531 1256 1587 Atlas

462 1606 554 1660 Axem
571 1606 685 1659 humero
703 1608 815 1673 torquet
833 1604 921 1659 stellis
939 1605 1102 1660 ardentibus
1119 1610 1228 1675 aptum:

441 1662 535 1736 Ἥίιιο
552 1682 618 1735 milri
637 1681 772 1750 Massylae
789 1681 882 1748 gentis
898 1684 1051 1737 monstrato
1068 1683 1201 1750 sacerdos,

463 1757 649 1827 Hesperidum
667 1757 762 1825 templi
781 1760 880 1824 custos,
899 1757 1049 1826 epulasque
1067 1759 1179 1812 draconi

462 1833 539 1899 Quae
556 1832 641 1887 dabat
660 1837 689 1887 et
707 1850 798 1887 sacros
817 1834 944 1888 servabat
961 1835 990 1887 in
1008 1834 1106 1888 arbore
1124 1852 1222 1903 ramos,
1280 1853 1317 1889 sss

462 1910 600 1979 Spargens
618 1908 732 1963 humida
750 1909 830 1962 mella
841 1910 1078 1979 soporiferumque
1096 1928 1221 1980 papaver.

462 1986 540 2041 Haec
557 2002 587 2040 se
604 1985 768 2040 carminibus
785 1986 924 2053 promittit
942 1987 1047 2040 solvero
1066 1990 1182 2055 mentes,

462 2064 535 2128 Quas
552 2062 688 2130 solitast
705 2061 765 2114 aliis
783 2062 866 2115 duras
883 2062 1024 2115 inmittere
1040 2079 1134 2128 curas3

446 2137 566 2202 ,Sistere
583 2155 681 2209 aquam
701 2137 797 2203 fluviis,
814 2142 843 2192 et
861 2142 970 2192 vertere
989 2138 1080 2192 sidera
1096 2142 1188 2207 retro;

461 2214 671 2291 lloctumosque
689 2214 745 2268 ciet
762 2215 867 2279 Manis3
885 2215 991 2282 mugire
1008 2214 1115 2269 videbis
1162 2229 1165 2233 ·
1280 2218 1325 2271 sar'

445 2291 518 2372 jub
536 2292 653 2361 pedibus
670 2295 781 2357 terram,
800 2294 829 2345 et
846 2290 1014 2345 descendere
1031 2290 1169 2345 montibus
1186 2308 1273 2348 ornos

461 2368 566 2436 Testor,
585 2385 656 2435 cara,
675 2367 742 2421 deos
759 2370 789 2421 et
806 2369 843 2435 te,
860 2382 999 2435 germana,
1019 2369 1152 2436 tuumque

461 2444 549 2499 Dulce
567 2448 657 2513 caput,
674 2444 794 2511 magicas
810 2443 924 2497 invitam
942 2444 1078 2511 accingier
1095 2444 1169 2498 artis.
1245 2507 1247 2512 ,

461 2519 502 2573 'lu
519 2523 626 2573 secreta
642 2535 737 2587 pyram
754 2522 829 2572 tecto
846 2518 978 2573 interiore
995 2518 1046 2572 sub
1063 2536 1144 2573 auras

461 2596 552 2663 Erige,
570 2598 600 2649 et
617 2611 693 2648 arma
711 2593 769 2660 viri,
787 2593 907 2648 thalamo
926 2612 997 2663 quae
1015 2595 1069 2648 fixa
1086 2594 1200 2663 reliquit
1280 2612 1316 2649 sos

461 2672 574 2741 Impius,
591 2671 757 2738 exuviasque
775 2671 870 2738 omnis,
887 2671 1044 2739 lectumque
1061 2672 1187 2739 iugalem,

461 2747 521 2812 Quo
539 2747 617 2816 perii,
635 2747 862 2816 superinponant:
883 2746 993 2801 abolere
1010 2747 1119 2801 nefandi
1241 2801 1244 2805 .

462 2823 567 2878 Cuncta
584 2824 634 2877 viri
652 2826 829 2888 monumenta
847 2824 931 2891 iuvat,
949 2826 1139 2891 monstratque
1157 2822 1292 2877 smerdos.

462 2900 540 2955 Haec
557 2900 639 2956 effata
657 2901 734 2966 silet;
754 2900 841 2969 pallor
859 2900 940 2954 simul
957 2903 1072 2968 occupat
1089 2916 1144 2954 ora.

462 2976 524 3031 Nou
541 2980 633 3032 tamen
654 2980 735 3031 Anna
753 2978 828 3031 novis
846 2980 1010 3045 praetexere
1028 2976 1125 3030 funere
1143 2975 1228 3029 sacris
1280 2990 1317 3027 too

461 3052 625 3107 Germanam
642 3053 738 3119 credit,
757 3069 807 3107 nec
824 3056 916 3106 tantos
935 3055 1026 3106 mente
1043 3053 1149 3105 furores

461 3128 594 3198 Concipit,
612 3134 660 3184 aut
677 3130 802 3197 graviora
819 3130 908 3196 timet,
927 3144 1010 3197 quam
1028 3131 1117 3182 morte
1136 3127 1256 3196 Sychaei.

450 3172 534 3273 drgo
552 3206 626 3261 iussa
643 3210 729 3276 parat.

437 3319 441 3325 .
497 3285 537 3336 rit
555 3284 656 3351 regina,
674 3299 741 3351 pyra
759 3281 895 3350 penetrali
913 3281 941 3334 in
960 3280 1026 3336 sede
1043 3280 1095 3334 sub
1113 3296 1194 3335 auras

461 3358 561 3411 Erecta
577 3360 682 3426 ingenti
699 3357 789 3437 tantis
806 3360 892 3425 atque
909 3358 971 3411 ilice
989 3361 1071 3426 secta,
1281 3372 1318 3411 tos

459 3434 642 3503 Intenditqm
660 3435 749 3489 locum
767 3432 849 3488 sertis
867 3436 897 3487 et
914 3434 1013 3487 fronde
1030 3436 1142 3489 coronat

442 3507 592 3582 stannea
612 3529 702 3583 super
719 3512 834 3569 exuvias
853 3527 1005 3582 ensemque
1020 3510 1152 3564 relictum

425 3579 625 3657 Effigiemque
645 3595 710 3648 toro
729 3593 817 3664 locat,
834 3592 918 3649 haud
935 3591 1040 3662 ignara
1056 3584 1157 3641 tutum.

409 3651 505 3713 ΕΜ
522 3679 597 3723 arae
617 3671 737 3745 circum,
760 3677 797 3733 et
816 3672 911 3732 crinis
927 3670 1026 3729 otissa
1043 3659 1183 3720 sacerd&
