3467 4367
447 609 493 655 106
673 603 703 653 Ρ.
721 603 875 652 VERGILI
893 602 1060 652 MARONIS
1158 639 1161 644 .

445 683 575 753 Quisquis
592 700 629 753 es,
646 682 760 737 amissos
775 682 840 737 hinc
855 683 911 737 iam
928 682 1089 739 obliviscere
1106 683 1224 751 Graios3

444 760 547 814 Noster
565 761 627 830 eris,
643 760 765 829 mihique
781 758 849 813 haec
866 759 989 813 edissere
1006 776 1072 814 vera
1088 761 1212 830 roganti:

444 836 504 900 Quo
516 838 616 891 molem
627 836 697 889 hanc
708 836 824 888 inmanis
833 836 898 903 equi
907 837 1047 891 statueret
1059 838 1122 906 quis
1131 837 1250 891 auctori
1262 849 1297 891 rso

444 913 551 977 Quidve
562 913 678 982 petunt?
691 928 761 979 quae
772 911 884 979 religio?
901 914 949 964 sut
961 927 1033 979 quae
1043 912 1172 967 machina
1182 912 1267 967 bellii

444 988 567 1043 Dixerat.
604 988 663 1055 Ille,
681 987 751 1040 dolis
769 986 919 1040 instructus
937 989 967 1041 et
983 992 1044 1042 arte
1061 987 1188 1057 Pelasga,
1244 977 1270 1026 ²·

444 1064 562 1118 Sustulit
579 1068 676 1118 exutas
694 1063 790 1116 vinclis
807 1062 843 1116 ad
861 1062 953 1116 sidera
969 1064 1086 1131 palmas:

445 1142 510 1208 Vos,
527 1140 633 1194 oeterni
651 1140 736 1207 ignes,
754 1143 784 1193 et
801 1156 854 1191 non
873 1138 999 1193 violabile
1016 1144 1139 1216 vestrum

444 1216 542 1271 Testor
558 1232 666 1281 numen,
683 1216 730 1282 ait,
748 1231 797 1268 vos
814 1231 878 1269 arae
896 1231 1031 1285 ensesque
1048 1216 1172 1283 nefandi,
1265 1230 1300 1268 ιω

445 1295 519 1359 Quos
536 1293 602 1361 fugi,
621 1292 762 1361 vittaeque
780 1292 871 1359 deum,
890 1309 959 1361 quas
977 1292 1068 1347 hostia
1083 1292 1172 1361 gessi:

445 1368 499 1424 Fas
517 1369 582 1422 milri
602 1369 746 1423 Graiorum
764 1377 876 1440 sacrata
889 1368 1026 1422 resolvere
1043 1368 1111 1438 iura,

445 1442 499 1500 Fas
517 1446 606 1499 odisse
625 1445 704 1512 viros,
722 1448 806 1511 atque
824 1444 916 1497 omnia
932 1445 1005 1498 ferre
1022 1444 1073 1498 sub
1090 1461 1181 1513 auras,

445 1523 473 1577 Si
492 1540 546 1591 qua
563 1525 675 1590 tegunt3
700 1525 798 1574 teneor
814 1520 921 1588 patriae
938 1537 989 1574 nec
1005 1521 1112 1589 legibus
1129 1521 1201 1575 ullis.

444 1598 485 1727 {u
502 1598 583 1651 modo
601 1597 742 1667 promissis
759 1612 876 1664 moneas,
894 1601 1058 1666 servataque
1075 1613 1168 1652 serves
1232 1601 1235 1607 '
1266 1611 1302 1650 reo

467 1676 525 1728 rcia
543 1674 633 1739 iidem,
651 1674 674 1726 si
691 1688 756 1726 vera
773 1672 868 1740 feram,
886 1673 909 1726 si
926 1690 1025 1741 magno
1041 1673 1199 1742 rependam.

479 1751 573 1804 Omnis
591 1766 653 1818 spes
671 1748 798 1801 Danaum
817 1751 846 1801 et
864 1749 955 1817 coepti
972 1750 1073 1803 fiducia
1090 1748 1156 1803 belli

445 1820 565 1880 Palladis
583 1825 691 1878 auxiliis
709 1841 818 1892 semper
836 1826 921 1879 stetit
961 1825 1067 1895 Impius
1084 1842 1119 1879 ex
1137 1842 1194 1894 quo

445 1898 562 1971 Tydides
580 1902 628 1956 sed
647 1901 719 1955 enim
737 1900 924 1969 scelerumque
942 1901 1068 1956 inventor
1087 1900 1204 1971 Ulixes·

445 1978 542 2033 Fatale
559 1979 682 2046 adgressi
700 1979 807 2031 sacrato
825 1977 944 2031 avellere
961 1978 1065 2047 templo
1265 1992 1303 2031 loe

446 2054 605 2123 Palladium,
623 2054 710 2108 caesis
728 2070 849 2107 summae
867 2053 1028 2107 custodibus
1045 2053 1124 2122 arcis,

446 2132 609 2201 Corripuere
626 2148 730 2186 sacram
748 2129 874 2198 effigiem,
892 2129 1072 2198 manibusque
1088 2129 1213 2184 cruentis

446 2206 591 2277 Virgineus
608 2209 667 2263 ausi
686 2205 766 2261 divae
783 2206 944 2274 contingere
962 2207 1054 2273 vittas,

446 2284 488 2339 Ex
506 2286 552 2338 illc
570 2286 655 2340 fluere
673 2301 705 2338 ac
722 2287 797 2337 retro
815 2282 943 2351 sublapsa
960 2282 1055 2335 referri
1106 2308 1110 2314 ·

446 2360 515 2430 Spes
532 2361 665 2429 Danaum,
682 2361 786 2414 fractae
804 2359 882 2426 rime,
901 2375 997 2412 aversa
1014 2358 1084 2412 deae
1100 2373 1187 2412 mens.
1266 2373 1305 2413 1⁷⁰

446 2436 506 2491 Nec
523 2437 614 2490 dubiis
631 2454 664 2490 ee
683 2437 760 2503 signa
778 2435 857 2488 dedit
876 2434 998 2489 Tritonia
1014 2433 1151 2488 monstris

447 2510 502 2565 Vix
520 2513 639 2581 positum
657 2511 753 2565 castris
771 2511 959 2565 simulacrum:
979 2526 1071 2564 arsere
1088 2525 1217 2566 coruscae
1310 2515 1313 2520 “

447 2587 608 2641 Luminibus
629 2588 753 2640 flammae
771 2588 893 2655 arrectis,
912 2587 1062 2655 salsusque
1072 2595 1122 2655 per
1139 2592 1219 2641 artus

447 2664 537 2718 Sudor
554 2665 594 2731 iit,
612 2667 711 2731 terque
729 2662 789 2730 ipsa
808 2663 1025 2718 solo-mirabile
1043 2662 1155 2716 diotu—

447 2740 573 2807 llmicuit,
586 2757 762 2809 parmamque
769 2728 864 2845 {erens
877 2740 1039 2808 hastamque
1052 2742 1225 2794 trementem.
1268 2753 1305 2795 17³

448 2816 593 2884 Extemplo
611 2817 773 2885 temptanda
790 2818 855 2883 fuga
873 2818 947 2871 canit
965 2833 1085 2886 aequora
1103 2815 1225 2886 Onlcbns,
1328 2807 1348 2844 s

448 2891 474 2945 N
477 2910 508 2947 ec
523 2910 603 2962 posse
622 2893 757 2961 Argolicis
777 2893 899 2948 exscindi
920 2894 1053 2963 Pergama
1071 2893 1142 2962 telis,
1217 2896 1221 2904 '

448 2967 546 3023 Omina
562 2970 589 3023 ni
608 2973 735 3037 repetant
754 2970 846 3037 Argis,
865 2988 1020 3040 numenque
1039 2968 1180 3038 reducant,

449 3045 529 3111 Quod
546 3046 643 3115 pelago
662 3050 691 3100 ct
709 3046 798 3122 curvis
817 3064 909 3100 secum
927 3064 1043 3100 avexere
1062 3047 1168 3100 carinis.

448 3121 486 3176 Et
503 3139 581 3189 nunc,
599 3123 673 3191 quod
691 3123 794 3192 patrias
813 3128 895 3177 vento
912 3124 1018 3192 petiere
1036 3123 1172 3192 Mycenas,
1268 3137 1307 3178 ss)

450 3200 537 3254 Arma
555 3199 675 3267 deosque
693 3204 792 3269 purant
811 3200 933 3267 comites,
951 3200 1104 3268 pelagoque
1122 3214 1249 3253 remenso

450 3276 585 3346 inprovisi
603 3277 727 3331 aderunt.
766 3277 812 3331 Ito
830 3278 933 3345 digerit
950 3277 1041 3329 omina
1059 3275 1180 3330 Calchas

450 3353 530 3406 Hanc
547 3370 597 3421 pro
616 3355 738 3409 Palladio
756 3354 860 3420 moniti,
879 3369 928 3421 pro
947 3353 1058 3407 numine
1075 3353 1150 3407 laeso

450 3428 574 3496 Effigiem
592 3433 721 3498 statuere,
740 3430 815 3483 nefas
834 3446 905 3496 quae
922 3429 1004 3483 triste
1022 3429 1117 3497 piaret.

435 3504 523 3558 Hane
537 3509 631 3561 tamen
649 3508 806 3563 inmensam
825 3504 943 3562 Calchas
960 3505 1092 3559 attollere
1105 3502 1212 3553 molem
1270 3517 1313 3554 us

416 3574 586 3637 Roboribus
604 3586 696 3640 textis
716 3586 856 3659 caeloque
879 3578 1118 3643 educeremur,

380 3645 450 3718 *No
467 3658 565 3725 miii
575 3664 687 3731 portis,
710 3671 764 3723 aut
786 3666 856 3722 duci
880 3664 916 3718 in
934 3658 1056 3715 moenia
1072 3649 1182 3721 possib,
