3467 4367
683 662 865 712 AENEIDOS
882 661 952 711 LIB.
971 660 1023 709 VI.
1227 658 1274 705 199
1342 702 1347 710 ,
1356 703 1364 740 ¹.

422 744 524 801 Omnia
540 758 689 814 poenamm
707 758 868 811 percurrere
885 741 996 795 nomina
1013 739 1159 822 possim7
1200 744 1238 791 lu
1250 749 1301 856 a]
1311 725 1335 818 ²¹·

460 822 537 876 Haec
554 820 601 873 ubi
620 819 693 872 dicta
711 818 789 871 dedit
807 817 912 871 Phoebi
930 817 1062 886 longaeva
1079 817 1220 873 sacerdos:
1281 841 1285 846 ¹
1316 817 1319 822 '

424 898 480 953 Sed
491 899 546 950 iam
558 913 617 964 age,
630 912 710 963 carpe
723 895 793 947 viam
807 896 836 947 ct
848 897 1006 963 susceptum
1020 894 1121 963 perfice
1132 911 1246 958 munus;

424 974 629 1035 Adceleremus‚
647 971 700 1036 ait;
725 970 873 1039 Cyclopum
893 970 993 1026 educta
1010 969 1122 1024 caminis
1239 982 1275 1023 oso

423 1050 534 1103 Moenia
551 1047 687 1117 conspicio
704 1050 788 1114 atque
805 1045 921 1099 adverso
940 1047 1043 1101 fornice
1062 1050 1165 1116 portas,

425 1126 503 1179 Haec
519 1126 567 1179 ubi
584 1141 634 1178 nos
652 1125 799 1192 praecepta
816 1122 913 1175 iubent
933 1122 1070 1191 deponere
1087 1123 1166 1178 dona.

424 1201 546 1270 Dixerat,
564 1204 593 1255 et
611 1200 723 1269 pariter,
741 1197 829 1267 gressi
848 1214 999 1268 peropaca
1016 1201 1129 1268 viarum,

425 1278 582 1347 corripiunt
600 1277 719 1346 spatium
738 1276 870 1343 median,
889 1274 1048 1345 foribusque
1066 1277 1258 1347 propinquant.

424 1352 547 1422 Occupat
564 1356 675 1407 Aeneas
693 1353 808 1421 aditum,
826 1368 980 1422 corpusque
997 1354 1101 1408 recenti
1238 1368 1275 1407 ess

424 1429 535 1499 Spargit
554 1446 633 1497 aqua,
651 1445 813 1497 ramumque
831 1429 946 1482 adverso
964 1430 993 1482 in
1011 1429 1104 1483 limine
1121 1427 1189 1497 figit.

460 1505 512 1558 His
531 1505 640 1558 demum
650 1505 769 1572 exactis,
787 1505 910 1574 perfecto
928 1520 1041 1559 munere
1058 1506 1146 1573 divae,

424 1582 568 1635 Devenere
586 1580 660 1633 locos
677 1580 764 1634 laetos
783 1584 813 1636 et
830 1598 945 1636 amoena
963 1582 1065 1637 virecta

425 1657 636 1711 Fortunatorum
655 1672 797 1710 nemorum
816 1658 952 1727 sedesque
969 1658 1072 1713 beatas.

425 1733 540 1801 Largior
556 1733 601 1787 hic
618 1749 728 1802 campos
745 1734 843 1788 aether
862 1738 891 1788 et
908 1734 1010 1789 lumine
1027 1734 1110 1789 vestit
1239 1746 1275 1787 elo

426 1810 573 1879 Purpureo,
592 1810 731 1879 solemque
750 1827 836 1878 suum,
856 1828 905 1865 sua
923 1811 1014 1865 sidera
1031 1813 1138 1865 norunt

426 1887 494 1940 Pars
511 1888 539 1939 in
556 1886 703 1955 gramineis
721 1890 852 1941 exercent
871 1887 995 1940 membra
1012 1886 1163 1955 palaestris,

426 1962 601 2017 Contendnnt
619 1962 684 2016 ludo
703 1968 732 2017 et
750 1963 825 2017 fulva
843 1963 983 2016 luctantur
1001 1979 1097 2028 arena;

427 2037 494 2091 l'ars
511 2039 627 2107 pedibus
645 2038 779 2106 plaudunt
798 2037 910 2091 choreas
929 2041 958 2091 et
975 2038 1094 2091 carmina
1111 2038 1214 2091 dicunt

425 2114 484 2167 Nec
502 2130 555 2167 non
575 2114 715 2167 Threicius
732 2114 814 2181 longa
830 2128 892 2166 cum
910 2117 987 2166 veste
1006 2113 1132 2165 sacerdos
1239 2126 1274 2165 ess

426 2189 731 2256 Obloquiturnumeris
750 2193 855 2256 septem
878 2188 1034 2240 discrimina
1050 2203 1153 2255 vocum,

427 2265 542 2331 Iamque
560 2263 656 2315 eadem
675 2261 778 2332 digitis,
787 2263 841 2316 iam
859 2262 967 2330 pectine
985 2263 1076 2331 pulsat
1094 2261 1204 2316 ebmmo.

427 2339 481 2391 Hic
498 2355 584 2404 genus
602 2338 745 2405 antiquum
764 2337 868 2405 Teucri,
888 2337 1069 2406 pulcherrima
1086 2336 1184 2406 proles,

426 2412 593 2480 Magnanimi
610 2412 714 2479 heroes,
733 2414 790 2467 nati
808 2413 965 2468 melioribus
982 2414 1080 2481 annis.

427 2488 540 2557 Ilusque
558 2490 764 2558 Assaracusque
784 2493 812 2543 ct
830 2490 927 2544 Troiae
946 2490 1092 2544 Dardanus
1109 2493 1209 2546 auctor.
1237 2504 1274 2545 oto

427 2566 514 2618 Arma
531 2565 624 2633 procul
642 2582 792 2634 currusque
810 2566 899 2621 virum
917 2567 1033 2622 miratur
1051 2566 1145 2621 Inanis.

426 2641 507 2695 Stant
524 2644 600 2696 terra
617 2642 725 2697 defixae
742 2643 844 2711 hastae,
862 2644 1020 2714 passimque
1038 2644 1119 2698 soluti
1139 2684 1142 2688 .

425 2717 481 2771 Per
497 2734 622 2787 campum
640 2725 789 2787 pascuntur
808 2722 879 2789 equi.
919 2721 994 2785 Quae
1012 2721 1101 2788 gratia
1117 2735 1245 2774 curruum

426 2794 630 2867 Armorumque
647 2794 701 2850 fuit
719 2796 794 2865 vivis,
813 2814 883 2866 quae
902 2815 967 2851 cura
984 2797 1098 2850 nitentis

426 2870 542 2924 Pascere
560 2886 651 2939 equos,
671 2874 767 2926 eadem
787 2874 912 2941 sequitur
931 2873 1029 2927 tellure
1047 2874 1179 2941 repostos.
1237 2884 1274 2923 oss

426 2946 570 3016 Conspicit,
589 2964 658 3012 ecce
676 2949 742 3001 alios
762 2949 861 3003 dextra
879 2950 1011 3019 laevaque
1028 2965 1079 3018 per
1095 2947 1208 3002 herbam

425 3023 569 3078 Vcsoentis
586 3025 743 3094 laetumque
762 3026 843 3079 choro
866 3028 974 3081 Paeana
992 3026 1113 3081 canentis

426 3100 504 3154 Inter
521 3102 665 3156 odoratum
684 3103 754 3156 lauri
773 3120 877 3172 nemus,
897 3102 971 3157 unde
989 3119 1104 3172 superne

425 3175 563 3231 Plurimus
582 3178 695 3233 Eridani
712 3198 763 3249 per
783 3180 878 3235 silvam
897 3180 1014 3234 volvitur
1031 3178 1125 3242 amnis,

425 3251 480 3304 Hic
497 3269 592 3307 manus
610 3254 646 3309 ob
663 3257 780 3325 patriam
798 3257 944 3326 pugnando
962 3256 1071 3311 volnera
1087 3254 1166 3325 passi,
1238 3266 1276 3308 ⁰⁰⁰

425 3327 532 3395 Quique
551 3332 707 3386 sacerdotes
725 3334 801 3402 casti,
820 3334 886 3387 dum
905 3334 963 3388 vita
979 3333 1115 3398 manebat,

424 3402 531 3472 Quique
547 3406 586 3474 pii
603 3412 680 3462 vates
699 3413 728 3463 et
746 3409 855 3464 Phoebo
874 3410 958 3478 digna
975 3410 1066 3475 locuti,

424 3480 554 3535 Inventas
573 3486 622 3535 aut
640 3485 689 3553 qui
707 3486 792 3541 vitem
811 3486 959 3542 excoluere
974 3503 1028 3558 per
1046 3485 1132 3549 artis,

421 3556 527 3624 eriqne
543 3559 588 3612 sui
604 3576 744 3619 memores
762 3564 833 3620 alios
850 3566 951 3621 fecere
969 3559 1136 3619 mueronem,

409 3628 543 3686 Omnibus
560 3635 607 3691 nis
625 3639 711 3695 nivea
731 3642 895 3714 cinguntur
914 3646 1062 3710 tempora
1077 3632 1172 3687 unta

397 3701 474 3766 Quos
491 3710 682 3773 circumfusos
702 3719 751 3777 sic
768 3725 822 3779 est
840 3722 954 3779 adfata
972 3710 1110 3783 sibylla,
