3467 4367
475 628 524 676 214
711 630 740 679 P.
759 631 915 680 VERGILI
931 631 1096 683 MARONIS

467 712 527 773 ‚Ast
545 725 603 777 ego,
621 725 719 777 magna
738 710 811 763 Iovis
829 711 954 779 coniunx,
971 712 1156 782 nillinquere
1170 716 1297 773 inausum

472 786 548 850 Quae
565 787 641 855 potui
658 786 761 854 infelix,
779 804 850 856 quae
868 792 970 842 memet
988 790 1016 842 in
1034 792 1126 845 omnia
1142 794 1221 860 verti,

472 862 573 917 Vincor
584 863 620 916 ab
633 865 736 917 Aenea.
773 864 886 929 Quod'
865 880 888 917 si
901 881 962 918 mea
974 867 1086 920 numina
1096 884 1151 921 non
1163 871 1228 923 sunt
1290 885 1325 923 ³1⁰

471 939 573 1007 Magna
590 939 664 1007 satis,
683 939 808 994 dubitem
825 940 899 993 haud
917 942 1045 1044 equidem
1062 944 1198 1013 inplorare
1216 946 1292 1015 quod

538 1034 654 1108 usquam
672 1020 722 1072 est

471 1093 596 1148 Flectere
614 1095 637 1147 si
654 1110 760 1162 nequeo
778 1093 904 1161 Superos,
924 1093 1082 1148 Acheronta
1053 1096 1219 1153 tmovebo.

470 1169 533 1224 Nou
552 1169 662 1235 dabitur
680 1170 778 1237 regnis,
797 1173 863 1236 esto,
882 1169 1029 1239 prohibere
1048 1170 1160 1239 Latinis,

473 1249 565 1315 Atque
582 1247 685 1299 inmota
702 1250 795 1300 manet
812 1246 878 1299 fatis
897 1245 1009 1300 Lavinia
1028 1248 1162 1304 coniunx:

472 1326 511 1377 At
522 1324 640 1391 trahere,
653 1328 737 1392 atque
748 1340 838 1376 moras
850 1324 936 1376 tantis
947 1323 1012 1377 lieet
1024 1324 1127 1379 addere
1139 1326 1223 1381 rebus
1229 1347 1238 1393 ;
1288 1343 1324 1383 art

471 1402 510 1454 At
527 1401 591 1455 licet
609 1400 750 1454 amborum
767 1400 882 1468 populos
900 1400 1059 1453 exscindere
1076 1417 1182 1470 regum.

448 1491 451 1496 ·
471 1477 531 1531 Hac
547 1483 733 1548 generatque
750 1494 827 1531 socer
844 1480 941 1529 coeant
958 1477 1085 1530 mercede
1102 1495 1219 1533 suorum.

470 1554 605 1622 Sanguine
623 1555 737 1607 Troiano
754 1557 784 1607 et
803 1553 906 1606 Rutulo
924 1552 1063 1621 dotabere,
1081 1555 1165 1622 virge,

470 1630 507 1683 ut
525 1631 639 1684 Bellona
656 1635 749 1683 manet
766 1634 795 1683 te
813 1629 945 1697 pronuba.
981 1630 1007 1682 N
1010 1646 1041 1683 ec
1057 1630 1116 1684 face
1133 1634 1242 1686 tantum

470 1706 568 1759 Cisseis
584 1723 735 1775 praegnans
752 1707 821 1772 ignis
839 1706 919 1758 enixa
936 1706 1047 1772 iugalis;
1287 1721 1322 1763 sao

471 1782 541 1846 Quin
559 1782 633 1837 idem
651 1783 753 1836 Veneri
771 1787 866 1849 partus
885 1799 948 1835 suus
966 1785 996 1835 et
1015 1783 1092 1837 Paris
1110 1784 1188 1853 alter,

471 1860 663 1927 l'uncstaeque
679 1860 779 1912 iterum
797 1858 916 1912 recidiva
933 1860 961 1912 in
981 1859 1115 1927 Pergama
1132 1861 1238 1916 taedae.

505 1936 583 1990 Haec
599 1935 646 1989 ubi
665 1935 738 1990 dicta
757 1934 841 2002 dedit,
860 1939 949 1989 terras
968 1935 1104 1990 horrenda
1121 1937 1235 2005 petivit:

470 2011 630 2066 Luctificam
648 2012 756 2065 Allecto
770 2011 897 2065 dirarum
915 2011 951 2064 ab
969 2012 1034 2065 sede
1052 2011 1165 2065 dearum

471 2089 645 2158 Infernisque
662 2089 717 2143 ciet
735 2088 866 2156 tenebris
886 2089 937 2141 cui·
947 2087 1039 2141 tristia
1055 2087 1128 2141 bella
1291 2098 1326 2140 aas

471 2166 589 2236 Iraeque
605 2166 774 2234 insidiaeque
792 2168 821 2219 et
838 2165 1048 2217 criminanoria
1066 2165 1149 2219 cordi.

471 2242 539 2297 Odit
556 2247 586 2298 et
603 2244 663 2312 ipse
680 2247 759 2312 pater
777 2241 883 2306 Pluton,
902 2241 985 2294 odere
1004 2257 1110 2295 sorores

471 2319 619 2375 Tartareae
636 2322 802 2373 monstrum:
821 2321 864 2372 tot
883 2334 943 2371 sese
962 2316 1046 2371 vertit
1064 2317 1092 2371 in
1110 2333 1164 2382 ora,

471 2396 539 2450 'Pam
556 2413 653 2450 saevae
669 2396 759 2461 facies,
776 2398 820 2448 tot
837 2393 953 2462 pullulat
971 2395 1032 2446 atra
1049 2393 1172 2447 colubris

458 2472 560 2560 Quam
579 2473 648 2525 Iuno
666 2470 708 2524 his
726 2463 799 2523 acuit
787 2469 915 2538 tverbis‚
933 2472 994 2522 act
982 2470 1047 2522 talia
1064 2470 1104 2523 fat
1092 2474 1150 2524 t:ur
1287 2486 1323 2527 ast

438 2561 458 2596 κ
458 2532 555 2602 Hune
571 2547 638 2601 mihi
656 2546 692 2599 da
709 2545 857 2613 proprium,
876 2547 952 2613 virgo
970 2549 1030 2598 sata
1000 2546 1073 2598 N
1075 2549 1142 2613 octe
1158 2545 1290 2616 laborem,

473 2624 553 2678 Hanc
571 2640 689 2692 operam,
707 2638 742 2675 ne
759 2623 821 2674 nost
822 2637 853 2674 er
871 2621 956 2674 honos
973 2621 1121 2675 infractave
1138 2622 1221 2677 cedat

472 2701 558 2755 Fama
575 2700 641 2767 loco,
658 2715 712 2753 neu
729 2697 870 2752 connubiis
888 2698 993 2752 ambire
1012 2691 1140 2752 Latinum

473 2776 621 2831 Aeneadae
637 2776 750 2845 possint,
768 2774 888 2828 Italosve
906 2774 1033 2828 obsidere
1050 2774 1117 2828 finis.

472 2854 513 2907 Tu
531 2857 610 2922 potes
627 2852 767 2906 unanimos
785 2867 892 2905 armare
909 2850 937 2904 in
955 2851 1059 2919 proelia
1075 2850 1175 2904 fratres
1288 2866 1325 2908 aas

474 2933 569 3000 Atque
587 2931 655 2984 odiis
672 2945 781 2984 versare
799 2928 901 2993 domos,
919 2931 952 2982 tu
970 2927 1085 2981 verbera
1103 2927 1184 2981 tectis

473 3007 665 3075 Funereasquc
682 3006 784 3061 inferre
801 3005 881 3072 laces,
900 3004 951 3059 tibi
970 3004 1079 3057 nomina
1096 3003 1178 3072 mille,

473 3084 549 3137 Mille
566 3084 682 3137 nocendi
699 3086 779 3137 artes.
818 3081 976 3136 Fecundum
995 3084 1108 3134 concute
1124 3083 1229 3148 pectus,

473 3159 573 3215 Disiice
592 3160 760 3229 conpositam
777 3174 878 3227 pacem,
897 3174 957 3210 sere
974 3156 1086 3210 crimina
1103 3155 1183 3221 belli3

445 3254 449 3260 ·
474 3235 561 3289 Arma
578 3237 644 3290 velit
662 3238 811 3304 poscatque
829 3233 917 3300 simul,
936 3234 1078 3301 rapiatque
1095 3232 1229 3285 iuventus.
1289 3237 1327 3278 8¹⁰

509 3312 579 3366 Exin
597 3312 748 3379 Gorgoneis
766 3310 876 3364 Allecto
893 3309 995 3362 infecta
1012 3308 1123 3363 venenis

474 3388 612 3458 Principio
629 3388 738 3441 Latium
756 3390 786 3440 et
803 3385 949 3439 Laurentis
965 3388 1040 3439 tecta
1058 3384 1165 3454 tyranni

405 3469 407 3476 “
468 3465 557 3519 Celsa.
565 3464 648 3534 petit,
667 3464 838 3533 tacitumque
855 3460 964 3515 obsedit
981 3461 1064 3516 limen
1083 3461 1210 3529 Amatae,

456 3541 549 3605 Quam
568 3558 659 3612 super
674 3541 805 3598 adventu
821 3539 963 3596 'lcucrum
976 3536 1289 3604 'turdiquenumansais

440 3614 605 3677 Femineae
624 3622 784 3680 ardentem
804 3633 951 3688 curaeque
966 3615 1089 3683 iraeque
1103 3607 1271 3673 ammi
1312 3618 1354 3653 ι*

428 3690 516 3750 Hffl'e
536 3699 596 3758 dea
618 3702 770 3762 caeruleis
791 3716 890 3759 unum
910 3696 949 3753 de
967 3690 1099 3749 omuibus
1113 3692 1239 3745 annuam
