3467 4367
663 636 846 688 AENEIDOS
865 635 935 684 LIB.
957 634 1011 683 111.
1220 632 1264 681 131

409 719 540 793 Derigoit
556 723 616 777 risu
633 722 663 775 in
680 718 779 785 medio,
792 717 872 776 ,calor
890 732 952 771 ossa
969 714 1098 784 reliquit;

409 801 535 870 Labitur,
548 803 583 870 ‘et
600 799 680 866 longo
698 796 745 850 rix
761 794 874 849 tandem
892 797 1017 861 tempore
1035 792 1122 845 latur:
1168 819 1171 823 ·

409 878 521 931 Verane
538 879 568 929 te
585 874 676 943 facies,
693 889 776 927 verus
792 871 860 925 mihi
877 869 989 923 nuntius
1007 867 1107 933 adfers,
1230 880 1268 921 aro

410 954 485 1008 Nate
503 952 572 1006 deal
592 951 714 1004 vivisnel
735 951 791 1014 aut,
809 948 833 1001 si
849 946 898 1000 lux
916 946 988 999 alma
1004 944 1125 1013 recessit,

411 1030 519 1084 Hector
535 1027 583 1081 ubi
601 1028 660 1081 estl
681 1024 759 1094 dixit,
777 1024 958 1092 lacrimasque
975 1021 1074 1075 effudit
1091 1024 1120 1075 et
1138 1036 1246 1075 omnem

411 1104 532 1172 Inplevit
549 1103 667 1157 clamore
683 1102 780 1156 locum.
816 1100 872 1154 Vix
889 1115 976 1168 pauca
992 1096 1096 1153 furenti
1142 1129 1147 1138 ·

411 1179 531 1234 Subiicio
550 1181 579 1232 et
596 1178 666 1231 raris
683 1177 812 1232 turbatus
829 1175 940 1230 vocibus
957 1175 1045 1230 hisco:

410 1256 483 1310 Vivo
495 1254 631 1324 equidem,
642 1254 782 1323 vitamque
793 1256 919 1307 extrema
936 1268 986 1321 per
1002 1251 1093 1305 omnia
1109 1253 1194 1313 duoo;
1232 1263 1269 1303 ³1⁵

410 1333 438 1387 N
440 1350 457 1387 e
475 1331 578 1399 dubita,
596 1347 659 1383 uam
676 1347 742 1384 vera
759 1330 843 1383 vides.

411 1407 490 1464 Heu!
512 1408 575 1477 quis
593 1410 622 1461 te
640 1423 718 1461 casus
736 1406 872 1464 deiectam
890 1404 1005 1473 coniuge
1022 1407 1101 1460 tanto

410 1484 522 1553 Excipit
529 1486 538 1538 l
561 1487 609 1537 aut
627 1499 698 1551 quae
716 1482 800 1550 digna
816 1482 884 1536 satis
901 1482 1012 1535 fortuna
1028 1480 1124 1535 revisit

411 1561 541 1615 Hectoris
560 1558 790 1613 Andromachenl
812 1558 936 1625 Pyrrhin'
955 1557 1089 1611 connubia
1107 1558 1215 1612 servasi

410 1636 518 1691 Deiecit
535 1635 639 1690 voltum
657 1638 687 1689 et
705 1635 825 1689 demissa
841 1651 908 1690 voce
925 1634 1017 1688 locuta
1034 1637 1088 1689 est:
1231 1648 1269 1687 sao

411 1711 520 1772 Olelix
537 1729 593 1766 uua
609 1715 675 1766 ante
692 1712 760 1765 alias
778 1711 914 1765 Priameia
931 1712 1015 1780 virge,

411 1788 551 1844 Hostilem
568 1788 605 1842 ad
622 1788 759 1842 tumulum
776 1788 874 1843 Troiae
892 1789 943 1843 sub
961 1787 1106 1842 moenibus
1123 1785 1188 1840 altis

412 1865 492 1918 Iussa
508 1865 585 1931 mori,
604 1881 675 1934 quae
692 1865 807 1920 sortitus
825 1882 879 1919 non
896 1864 1012 1933 pertulit
1029 1864 1105 1933 ullos,

411 1941 438 1995 N
440 1957 472 1995 ec
489 1941 599 1995 victoris
616 1941 677 1995 heri
694 1942 789 2011 tetigit
806 1942 914 2011 captiva
931 1941 1034 1995 cubile!
1113 1964 1116 1970 ·

411 2016 477 2084 Nos,
495 2016 586 2086 patria
602 2018 712 2072 incensa
730 2019 840 2072 diversa
856 2035 909 2087 per
925 2034 1045 2088 aequora
1062 2019 1166 2083 vectae,
1232 2028 1269 2069 aas

412 2093 513 2162 Stirpis
532 2093 674 2149 Achilleae
691 2095 779 2149 fastus
796 2095 980 2163 iuvenemque
998 2092 1154 2161 superbum,

411 2169 530 2224 Servitio
548 2170 650 2234 enixae,
667 2170 795 2236 tulimus;
817 2170 865 2239 qui
884 2168 990 2235 deinde,
1009 2171 1118 2222 secutus

411 2245 551 2315 Ledaeam
571 2246 740 2301 Hermionen
760 2240 1046 2313 Lacedaemoniosque
1064 2243 1232 2312 hymenaeos,

411 2321 460 2375 Me
474 2322 576 2375 famulo
588 2321 773 2391 famulamque
786 2322 895 2375 Heleno
907 2320 1059 2375 transmisit
1071 2318 1232 2374 habendam.

412 2400 468 2451 Ast
485 2398 571 2466 illum,
590 2400 702 2466 ereptae
719 2414 818 2465 magno
835 2397 1020 2452 inflammatus
1037 2412 1129 2452 amore
1232 2410 1269 2451 aso

412 2473 542 2541 Coniugis
560 2477 589 2528 et
606 2474 737 2528 scelerum
757 2474 848 2529 Furiis
866 2474 994 2543 agitatus,
1012 2472 1126 2529 Orestes
1156 2485 1160 2492 '

412 2549 523 2618 Excipit
539 2550 679 2605 incautum
696 2551 855 2620 patriasque
874 2551 1021 2606 obtruncat
1038 2551 1074 2605 ad
1092 2568 1159 2606 aras.

412 2626 505 2680 Morte
523 2627 700 2696 Neoptolemi
717 2644 864 2696 regnorum
883 2626 995 2682 reddita
1013 2628 1095 2682 cessit

413 2702 482 2755 Pars
500 2704 615 2771 Heleno,
632 2705 679 2774 qui
697 2704 832 2759 Chaonios
849 2705 1009 2773 cognomine
1026 2721 1136 2774 campos

413 2778 616 2849 Chaoniamque
634 2796 740 2835 ornnem
760 2782 876 2835 Troiano
894 2798 911 2834 a
929 2781 1039 2836 Chaone
1057 2781 1136 2849 dixit,
1232 2796 1268 2835 aar

413 2855 602 2924 Pergamaque
621 2857 788 2928 Iliacamque
806 2859 877 2927 iugis
894 2858 964 2912 hanc
982 2857 1091 2912 addidit
1108 2872 1205 2912 arcem.

413 2929 469 2985 Sed
486 2931 538 2986 tibi
557 2933 605 3001 qui
622 2950 731 2987 cursum
749 2936 832 3003 venti,
851 2952 922 3004 quae
940 2934 998 2989 fata
1016 2934 1133 2988 dederet

415 3008 473 3060 Aut
491 3007 615 3075 quisnam
632 3009 759 3078 ignarum
777 3011 878 3064 uostris
897 3009 966 3063 deus
984 3009 1091 3079 adpulit
1109 3008 1181 3064 orisl

413 3082 487 3147 Quid
504 3100 573 3152 puer
591 3086 744 3141 Ascanius'l
765 3090 913 3156 superatne
931 3089 961 3140 et
978 3085 1098 3140 vescitur
1115 3101 1189 3155 aura,

413 3159 502 3225 Quem
521 3161 571 3214 tibi
589 3162 644 3216 iam
662 3162 778 3217 Troia-
1231 3177 1269 3216 aso

412 3236 508 3304 Ecqua
525 3241 618 3292 tamen
635 3256 721 3308 puero
739 3244 783 3295 est
800 3240 916 3295 amissae
933 3255 999 3295 cura
1016 3238 1155 3309 parentisl

412 3311 522 3380 Ecquid
539 3313 566 3365 in
584 3315 726 3384 antiquam
744 3316 875 3370 virtutem
893 3316 1051 3384 animosque
1069 3314 1155 3369 virilis

413 3387 451 3441 Et
468 3390 548 3456 pater
566 3391 676 3444 Aeneas
694 3394 723 3445 et
740 3392 888 3446 avunculus
906 3393 1009 3446 excitat
1027 3392 1150 3446 Hectori

413 3462 489 3516 Talia
505 3463 640 3519 fundebat
657 3466 801 3523 lacrimans
818 3467 973 3540 longosque
990 3468 1086 3523 ciebat

408 3538 549 3624 Incassum
566 3539 656 3609 lictus,
676 3560 739 3599 cum
758 3561 821 3603 sese
840 3564 859 3603 a
875 3546 1031 3603 moenibus
1044 3544 1142 3599 beros
1267 3541 1317 3583 ⁴⁸⁸5

395 3609 553 3667 Prramrdes
568 3617 669 3674 multis
689 3622 824 3682 Helenus
844 3624 1064 3684 comitantibus
1083 3618 1202 3682 ahiel&

382 3682 607 3808 MffflfleW
623 3710 703 3767 ⁸⁰0⁸,
723 3700 894 3779 laetusque
914 3706 958 3764 ad
972 3703 1092 3762 limina.
1110 3689 1214 3753 dudit»,
