3467 4367
467 633 514 681 234
704 631 734 681 Ρ.
754 631 909 680 VERGILI
931 629 1103 678 MARONIs'

467 714 616 768 Servavere
634 714 714 780 diem,
731 712 892 780 primusque
911 710 1029 765 Potitius
1047 713 1143 765 auctor

468 789 505 844 llt
523 790 620 843 domus
638 788 768 841 Herculei
786 790 877 841 custos
896 786 1007 840 Pinaria
1024 786 1100 840 sacri.
1284 803 1321 845 270

469 866 548 939 Hanc
565 880 640 917 aram
658 863 718 916 luco
737 864 842 929 statuit,
861 879 931 931 quae
949 863 1080 915 Maxuma
1098 879 1207 931 sempor
1265 895 1273 908 ·

468 942 582 995 Dicetur
598 940 683 1004 nobis,
702 943 731 993 ct
749 940 803 993 erit
821 957 891 1007 quae
910 955 1037 992 maxuma
1054 956 1168 1007 semper.

468 1018 558 1081 Quare
575 1016 656 1083 agite,
674 1034 690 1069 o
708 1017 826 1083 iuvenes,
845 1020 985 1069 tantarum
1003 1016 1030 1067 iu
1048 1032 1161 1069 munero
1178 1016 1291 1071 laudum

468 1094 577 1162 (lingite
594 1092 692 1146 fronde
710 1109 800 1145 comas
818 1096 847 1145 et
864 1091 961 1161 pocula
979 1092 1087 1159 porgite
1105 1090 1211 1147 dextris

467 1170 698 1238 Communemque
713 1172 807 1222 vocate
824 1169 906 1221 deum
916 1174 950 1222 et
965 1168 1030 1221 date
1045 1168 1106 1221 vina
1120 1169 1249 1223 volentes.
1284 1185 1322 1225 crs

467 1246 595 1300 Dixerat:
622 1245 758 1299 Herculea
775 1244 878 1297 bicolor
896 1262 957 1298 cum
975 1245 1092 1313 populus
1108 1244 1207 1299 umbra

467 1322 631 1391 Velavitque
648 1338 739 1375 comas
756 1321 883 1389 foliisque
901 1322 1001 1374 innexa
1019 1321 1158 1389 pependit,

466 1398 502 1452 Ilt
520 1416 595 1453 sacer
606 1398 726 1466 inplevit
744 1397 871 1450 dextram
890 1397 1013 1465 scyphus.
1054 1397 1136 1451 Ocius
1154 1410 1250 1451 omnes

467 1474 500 1528 In
518 1493 640 1529 mensam
657 1475 722 1527 laeti
740 1474 827 1526 libant
846 1474 978 1541 divosque
997 1477 1149 1541 precantur.

500 1551 611 1606 Devexo
629 1553 734 1605 interca
751 1552 861 1619 propior
880 1550 911 1602 fit
931 1548 1038 1618 Vesper
1058 1550 1186 1619 Olympo:
1282 1568 1320 1607 ase

466 1628 581 1697 Iamque
599 1628 755 1681 sacerdotes
772 1627 932 1698 primusque
951 1625 1069 1680 Potitius
1087 1626 1171 1695 ibant,

465 1702 587 1757 Pellibus
604 1704 632 1755 in
650 1720 753 1755 morem
772 1703 861 1768 cincti,
880 1702 1056 1771 flammasque
1072 1702 1204 1757 ferebant.

465 1778 625 1832 Instaurant
643 1778 743 1845 epulas,
763 1782 792 1831 et
809 1794 919 1831 mensae
937 1782 1017 1845 grata
1037 1778 1172 1832 secundae

464 1853 543 1909 Dona
561 1854 659 1918 ferunt,
678 1854 872 1922 cumulantque
890 1855 1010 1908 oneratis
1028 1854 1150 1908 lancibus
1168 1871 1237 1909 aras.

464 1930 533 1984 Tum
551 1931 616 1985 Salii
635 1930 784 1983 adcantus
801 1930 910 1983 incensa
928 1930 1027 1983 altaria
1044 1931 1145 1983 circum
1280 1948 1318 1989 ras

464 2008 593 2076 Populeis
610 2007 710 2059 adsunt
728 2006 828 2059 evincti
847 2010 972 2074 tempora
989 2006 1078 2074 ramis,

465 2084 519 2138 Hic
535 2084 663 2137 iuvenum
681 2084 787 2149 chorus,
804 2082 850 2135 ille
868 2098 978 2146 senum-;
998 2081 1046 2151 qui
1065 2084 1184 2137 (armine
1201 2084 1298 2140 laudes

465 2161 615 2214 Herculeas
633 2165 662 2213 et
680 2160 753 2213 facta
769 2159 877 2213 ferunt:
896 2162 928 2211 ut
946 2159 1034 2226 prima
1051 2175 1183 2213 novercae

464 2236 588 2289 Monstra
605 2253 687 2290 manu
704 2237 882 2304 geminosque
899 2251 1026 2304 premens
1044 2235 1147 2288 eliserit
1163 2238 1274 2304 anguis3

464 2312 504 2366 Ut
520 2313 593 2366 bello
611 2314 735 2380 egregias
752 2313 827 2366 idem
845 2311 984 2365 disiecerit
1001 2312 1092 2379 urbes,
1280 2330 1318 2370 aco

450 2387 625 2457 ·Troiamque
644 2389 870 2457 Oechaliamque;
892 2391 924 2441 ut
942 2387 1025 2440 duros
1042 2388 1117 2441 mille
1134 2389 1242 2444 labores

464 2463 540 2532 Rege
558 2465 608 2517 sub
628 2465 788 2531 Eurysthea
808 2464 874 2518 fatis
894 2464 1006 2517 Iunonis
1025 2465 1140 2532 iniquae,

464 2539 622 2595 Pertulerit.
661 2542 702 2592 Tu
720 2540 878 2607 nubigenas,
896 2540 1003 2606 invicte,
1023 2540 1189 2607 blrncmbris,

467 2615 655 2683 Hylaeumque
674 2615 851 2684 Pholumque,
870 2632 959 2682 manu,
979 2620 1011 2669 tu
1030 2616 1124 2670 Cresia
1141 2621 1245 2671 mactas

464 2691 592 2759 Prodigia
609 2696 639 2745 et
657 2695 764 2746 vastum
783 2692 904 2745 Nemeae
922 2692 973 2745 sub
991 2709 1059 2760 rupe
1076 2692 1189 2747 leonem
1279 2710 1317 2751 mc

462 2767 500 2820 Te
519 2768 605 2837 Stygii
624 2772 763 2823 tremuere
781 2769 862 2835 lacus,
880 2773 910 2823 tc
927 2769 1028 2822 innitor
1046 2768 1109 2823 Orci

463 2844 532 2897 Ossa
550 2862 631 2913 super
648 2845 782 2898 recubans
801 2849 881 2898 antro
899 2846 1014 2899 semiesa
1032 2848 1159 2911 cruento;

463 2920 521 2974 Nec
538 2925 568 2975 te
585 2922 657 2976 ullae
675 2921 764 2989 facies,
784 2938 837 2975 non
856 2922 956 2976 terruit
974 2923 1033 2989 ipse
1052 2922 1201 2990 Typhoeus,

464 2997 576 3052 Arduus
593 3015 669 3052 arma
686 3003 798 3064 tenens3
817 3015 871 3052 non
889 3003 918 3052 te
937 2999 1050 3051 rationis
1069 3002 1196 3066 egentem

464 3073 600 3127 Lernaeus
618 3076 700 3128 turba
717 3075 837 3143 capitum
855 3075 1037 3129 circumstetit
1054 3075 1156 3142 anguis.
1279 3092 1317 3130 coo

462 3149 549 3216 Salve,
568 3166 633 3203 vera
653 3150 727 3203 Iovis
745 3151 842 3219 proles,
862 3152 948 3205 decus
965 3151 1061 3204 addite
1081 3150 1159 3218 divis,

462 3225 498 3278 Et
516 3242 565 3278 nos
583 3229 611 3279 et
629 3229 678 3279 tua
695 3226 795 3280 dexter
812 3227 858 3280 adi
877 3228 948 3295 pede
968 3244 1044 3280 sacra
1061 3227 1188 3282 secundo.

461 3300 535 3353 Talia
553 3302 717 3355 carminibus
735 3302 893 3368 celebrant3
915 3320 996 3371 super
1014 3304 1105 3356 omnia
1123 3302 1186 3357 Caci

462 3377 622 3444 Speluncam
640 3377 779 3446 adiiciunt,
798 3380 1004 3448 spirantemque
1021 3379 1130 3446 ignibus
1147 3379 1245 3447 ipsum.

456 3452 596 3508 Consonat
611 3470 693 3508 omne
707 3470 804 3508 nemus
822 3456 949 3525 strepitu,
963 3454 1102 3523 collesque
1116 3455 1260 3511 resultant.
1278 3471 1316 3512 sos

475 3529 554 3586 Exin
572 3550 607 3589 se
626 3534 721 3591 cuncti
741 3534 846 3590 divinis
863 3534 951 3589 rebus
966 3531 1006 3588 ad
1020 3531 1123 3585 urbem

360 3635 363 3678 ι
427 3604 576 3667 Pedectis
597 3615 740 3673 referunt.
784 3615 855 3671 Ibat
874 3632 928 3670 rex
947 3611 1059 3667 obsitus
1074 3620 1157 3670 aeno,

413 3681 457 3738 Et
477 3691 624 3752 comitem
651 3703 784 3755 Aenean
803 3697 893 3753 iuxta
908 3693 1077 3757 natumque
1090 3677 1214 3736 teum
