3467 4367
700 630 885 680 AENEIDOS
902 629 972 680 LIB.
990 630 1025 679 X.
1244 633 1291 681 269

442 711 554 765 Hortati
574 726 675 779 summ,
694 710 845 764 nutritam
865 711 1037 765 committere
1057 709 1166 765 ventisl

441 787 515 840 Num
533 804 617 855 puero
636 803 769 840 summam
787 785 860 854 belli,
877 804 942 839 num
959 786 1072 840 credere
1091 788 1202 840 murosl
1266 797 1292 839 re

441 863 662 930 Tyrrhenamque
679 861 764 915 fidem
781 866 830 915 aut
847 864 938 929 gentis
956 862 1061 930 agitare
1079 861 1207 930 quietas?

441 938 508 1002 Quis
527 939 595 992 deus
614 939 643 991 in
661 937 794 1005 fraudem,
814 955 885 1007 quas
905 939 974 992 dura
992 939 1116 1007 potentia
1133 938 1221 991 nostri

441 1014 525 1083 Agat
542 1014 590 1067 ubi
609 1015 653 1067 hic
676 1014 753 1080 Iuno,
774 1014 926 1067 demissave
947 1013 1065 1067 nubibus
1087 1013 1161 1067 Iris?

441 1090 588 1157 Indignum
608 1094 652 1144 est
672 1090 758 1143 Italos
777 1090 887 1143 Troiam
905 1090 1074 1143 circumdare
1093 1088 1209 1143 flammis

440 1166 613 1235 Nascentem,
631 1170 661 1220 et
678 1166 769 1234 patria
788 1166 910 1218 Turnum
929 1166 1078 1219 consistere
1097 1168 1181 1230 terra,
1265 1177 1290 1219 75

441 1243 492 1295 Cui
512 1243 652 1296 Pilumnus
672 1259 746 1309 avus,
765 1242 808 1295 cui
828 1241 891 1294 diva
911 1241 1019 1294 Venilia
1038 1244 1144 1295 mater:

441 1317 521 1386 Quid,
540 1318 598 1371 face
616 1319 747 1371 Troianos
765 1321 826 1372 atra
843 1318 898 1370 vim
915 1318 988 1370 ferre
1007 1316 1120 1384 Latinis,

441 1392 516 1445 Arva
534 1394 622 1446 aliena
641 1395 705 1461 iugo
726 1409 851 1461 premere
872 1397 956 1460 atque
976 1395 1100 1445 avertere
1118 1392 1255 1460 praedast

441 1466 514 1529 Quid
533 1484 640 1521 soceros
658 1468 750 1535 legere
766 1473 795 1523 et
813 1468 925 1535 gremiis
944 1468 1080 1521 abducere
1096 1471 1198 1535 pactas,

441 1542 539 1595 Pacem
558 1560 636 1619 orare
654 1561 745 1612 manu,
765 1544 917 1612 praefigere
934 1543 1072 1611 puppibus
1088 1545 1184 1598 armai
1263 1558 1289 1597 so

440 1618 480 1672 'lu
499 1623 577 1688 potes
597 1624 711 1674 Aenean
729 1620 855 1673 manibus
874 1620 1026 1674 subducere
1046 1620 1168 1687 Graium,

440 1695 549 1763 Proque
568 1696 626 1750 viro
644 1696 772 1751 nebulam
791 1700 820 1751 et
839 1700 936 1751 ventos
954 1695 1104 1750 obtendere
1116 1696 1219 1765 'inanis

440 1772 476 1824 Et
493 1776 571 1841 potes
588 1772 617 1826 in
634 1773 753 1827 totidem
770 1773 884 1827 classem
901 1776 1061 1828 convertere
1080 1772 1239 1842 Nymphas:

439 1847 496 1901 Nos
512 1849 619 1919 aliquid
637 1850 755 1904 Rutulos
771 1853 867 1906 contra
884 1850 985 1904 iuvisse
1002 1850 1151 1903 nefandum
1169 1850 1233 1904 estl

440 1927 548 1979 Aeneas
566 1926 677 1994 ignarus
698 1926 794 1980 abest:
817 1926 928 1993 ignarus
949 1930 979 1980 et
999 1925 1079 1979 absit.
1263 1939 1288 1977 os

438 1999 488 2053 Est
512 2000 629 2069 Paphus,
649 2001 823 2070 Idaliumque
841 2001 900 2067 tibi,
921 2004 985 2055 sunt
1004 2002 1061 2055 alta
1081 2001 1217 2069 Cythera:

438 2075 511 2139 Quid
521 2076 663 2142 gravidam
679 2076 758 2129 belhs
774 2076 872 2129 urbem
887 2081 917 2131 ct
933 2076 1016 2129 corde
1032 2093 1130 2143 aspera
1143 2076 1284 2143 temptas?

438 2149 530 2203 Nosne
549 2151 601 2203 tibi
620 2151 707 2203 fluxas
727 2151 861 2218 Phrygiae
880 2168 925 2204 res
944 2154 1053 2204 vertere
1071 2150 1157 2204 fundo

438 2224 590 2278 Conamurl
612 2227 681 2278 nos?
705 2243 739 2278 an
760 2226 874 2279 miseros
892 2226 940 2293 qui
961 2225 1045 2278 Troas
1065 2226 1178 2279 Achivis

438 2298 567 2354 Obiecitl
591 2300 667 2364 Quae
688 2316 783 2353 caussa
803 2300 864 2366 fuit,
886 2317 1050 2368 consurgere
1070 2301 1098 2354 in
1119 2317 1195 2354 arma
1261 2318 1286 2354 so

439 2376 630 2443 Europamque
648 2376 806 2443 Asiamque,
825 2379 854 2429 et
872 2375 984 2429 foedera
1001 2376 1105 2430 solvero
1123 2376 1216 2429 furtel

438 2451 485 2504 Me
505 2453 574 2505 duce
592 2451 749 2505 Dardanius
766 2452 894 2519 Spartam
914 2453 1080 2520 expugnavit
1099 2451 1216 2519 adulter,

439 2528 498 2579 Aut
519 2544 569 2595 ego
589 2527 645 2581 tela
664 2527 736 2595 dodi,
754 2527 843 2581 fovive
865 2528 1000 2596 Cupidine
1020 2528 1112 2582 bellat

437 2602 508 2656 'lum'
526 2603 618 2657 decuit
637 2605 766 2657 metuisse
784 2604 857 2658 tuis:
875 2620 947 2658 nune
966 2620 1027 2657 sera
1046 2603 1165 2672 querelis

436 2679 521 2732 Haud
539 2679 620 2733 iustis
641 2680 773 2746 adsurgis,
795 2682 825 2733 et
843 2680 927 2734 inrita
947 2680 1039 2747 iurgia
1055 2680 1148 2734 iactas.
1261 2692 1285 2730 oe

472 2755 582 2808 Talibus
601 2755 698 2808 orabat
718 2756 794 2821 luno,
807 2756 952 2823 cunctique
964 2754 1118 2809 fremebant

436 2831 586 2886 Caelicolae
603 2831 721 2884 adsensu
738 2831 827 2894 vari03
850 2847 901 2884 ceu
918 2830 1027 2883 flamina
1044 2831 1132 2899 prima

436 2907 505 2960 Cum
525 2907 660 2975 deprensa
674 2907 796 2959 fremunt
815 2906 898 2974 silvis,
919 2910 949 2960 et
970 2922 1050 2960 caeca
1069 2906 1194 2961 volutant

435 2984 586 3050 Murmura,
604 2986 734 3036 venturos
752 2982 1005 3050 nautisprodeutia
1022 2986 1126 3041 ventos.

435 3060 504 3113 Tum
523 3061 607 3114 Pater
624 3059 802 3126 omnipotens,
820 3075 911 3111 rerum
930 3059 973 3112 cui
990 3059 1079 3127 prima
1095 3060 1225 3127 potestas,
1248 3074 1285 3112 roo

437 3137 520 3200 Infit3
543 3154 575 3190 eo
595 3136 704 3189 dicente
724 3135 807 3188 deum
827 3135 924 3189 domus
943 3136 1000 3188 alta
1019 3134 1128 3200 silescit,

437 3212 473 3265 Et
490 3214 653 3266 tremefacta
671 3212 728 3265 solo
746 3211 844 3275 tellus;
868 3211 932 3265 silet
949 3211 1051 3264 arduus
1068 3208 1182 3275 aether3

435 3287 504 3339 Tum
517 3288 632 3356 Zephyri
649 3305 782 3357 posuere;
803 3287 904 3355 premit
920 3287 1026 3355 placida
1042 3302 1161 3355 aequora
1176 3289 1283 3354 pontus.

437 3363 562 3431 Accipite
581 3380 647 3431 ergo
668 3365 765 3417 animis
784 3367 868 3432 atque
887 3364 954 3417 hacc
972 3380 1034 3417 mea
1053 3363 1128 3431 figite
1148 3361 1229 3416 dicta.

434 3431 662 3506 ¹Quamdoquidem
680 3440 816 3492 Ausonios
831 3439 958 3506 coniungi
973 3439 1085 3494 foedere
1101 3437 1213 3492 Teucris
1248 3454 1286 3490 ios

437 3515 521 3567 Haud
539 3513 650 3580 licitum,
669 3532 720 3567 nec
737 3518 831 3569 vestra
848 3515 925 3583 capit
944 3514 1091 3569 discendis.
1106 3513 1218 3562 haema

432 3590 508 3652 Quae
519 3590 618 3658 cuique
626 3595 670 3646 est
678 3591 796 3647 fortuna
801 3592 902 3661 hodie,
910 3608 1003 3663 quam
1011 3579 1341 3657 quasquesecassuffis

421 3664 490 3718 Tros
508 3665 672 3724 Rutulusne
690 3670 765 3738 hiat,
785 3671 872 3727 nullo
890 3667 1068 3726 madum
1078 3652 1225 3714 mmm*
