3467 4367
478 640 493 684 6
710 638 739 689 P.
758 638 913 689 VERGILI
930 637 1097 688 MARONIS

478 715 614 787 Fncipere
631 718 745 786 insidiis,
763 719 881 773 multum
898 718 1017 773 latrante
1036 718 1166 787 Lycisca?

478 791 515 847 Et
532 796 595 849 tum
612 794 774 849 clamarem:
794 795 854 859 Quo
872 810 945 848 nunc
962 811 991 848 se
1008 796 1125 865 proripit
1142 797 1209 854 illel

478 867 579 938 Tityre,
597 888 664 939 coge
680 887 783 940 pecus;
799 875 832 925 tu
849 874 914 940 post
932 874 1038 924 carecta
1055 871 1167 927 latebas.
1317 875 1340 914 ²⁰

477 944 516 999 D.
535 947 581 1001 An
598 947 665 1000 mihi
682 947 818 1001 cantando
834 948 924 1002 victus
940 963 995 1000 non
1013 948 1145 1003 redderet
1161 949 1215 1019 ille,

478 1022 567 1087 Quem
583 1039 645 1078 mea
662 1022 827 1077 carminibus
844 1023 992 1078 meruisset
1011 1024 1104 1078 fistula
1121 1026 1255 1094 caprum?

477 1097 506 1151 Si
524 1099 620 1167 nescis,
638 1116 716 1154 meus
732 1098 779 1153 ille
795 1115 878 1169 caper
895 1099 963 1165 iuit;
981 1102 1011 1153 et
1029 1100 1096 1153 mihi
1114 1100 1220 1154 Damon

478 1174 543 1243 Ipse
558 1175 719 1242 fatebatur3
737 1175 787 1230 sed
804 1175 923 1229 reddere
940 1191 1021 1243 posse
1038 1176 1163 1243 negabat.

476 1250 519 1305 Μ.
532 1251 674 1306 Cantando
685 1256 717 1306 tu
728 1252 822 1307 illumi
840 1255 889 1306 aut
902 1267 1031 1319 umquam
1042 1252 1094 1305 tibi
1107 1253 1198 1307 fistula
1209 1268 1273 1308 cera
1312 1267 1338 1308 25

477 1326 577 1381 Iuncta
593 1326 669 1383 iuitl
686 1344 740 1382 non
757 1332 790 1383 tu
806 1329 835 1382 in
852 1327 949 1393 triviis,
968 1327 1086 1397 indocte,
1102 1328 1207 1383 solebas

463 1401 614 1470 ,Stridenti
631 1404 761 1459 miserum
779 1404 882 1474 stipula
898 1402 1062 1472 disperdere
1079 1406 1206 1460 carmeul

477 1478 515 1532 D.
532 1478 584 1533 Vis
601 1496 674 1549 ergo,
692 1481 766 1535 inter
783 1497 840 1549 nos,
858 1479 927 1549 quid
944 1480 1032 1548 possit
1049 1483 1174 1549 uterque,
1192 1481 1312 1537 vicissim

477 1555 678 1626 Experiamurl
696 1572 747 1625 ego
764 1557 835 1611 hanc
852 1556 1036 1611 vitulam—ne
1053 1557 1125 1611 forte
1143 1574 1259 1626 recuses,

478 1631 526 1686 Bis
542 1633 619 1687 venit
635 1632 673 1685 ad
688 1632 841 1700 mulctram,
857 1632 937 1685 binos
954 1632 1005 1687 elit
1023 1632 1107 1686 ubere
1124 1633 1233 1687 fetus-
1310 1648 1336 1690 eu

477 1708 608 1777 Depono:
625 1713 657 1763 tu
675 1707 727 1777 dic,
744 1725 850 1763 mecum
869 1725 923 1777 quo
940 1708 1052 1777 pignore
1069 1713 1166 1764 certes.

477 1784 519 1839 M.
538 1785 582 1839 De
597 1801 683 1854 grege
701 1801 754 1839 non
772 1785 859 1838 ausim
877 1784 1023 1852 quicquam
1041 1784 1179 1852 deponere
1197 1793 1306 1841 tecum:

478 1860 529 1916 Est
546 1860 612 1915 mihi
630 1877 748 1930 namque
766 1861 839 1915 domi
857 1864 945 1929 pater,
963 1863 1006 1914 est
1023 1861 1125 1915 iniusta
1141 1877 1258 1915 noverca
1267 1883 1275 1929 ;

477 1936 581 2007 Bisque
599 1937 644 1991 die
661 1939 806 1991 numerant
824 1936 905 1990 ambo
922 1952 1013 2005 pecus,
1031 1936 1148 1991 alteret
1165 1937 1275 1993 haedos,

477 2012 589 2082 Verum,
606 2013 637 2065 id
654 2011 729 2081 quod
747 2012 833 2067 multo
851 2016 913 2067 tute
930 2013 990 2081 ipsc
1007 2012 1130 2066 fatebere
1147 2013 1241 2082 meiius,
1309 2030 1335 2070 ss

478 2090 602 2144 Insanire
619 2089 687 2144 libet
705 2090 833 2157 quoniam
850 2088 911 2157 tibi,
928 2089 1025 2159 poeula
1042 2105 1141 2158 ponam

478 2165 588 2236 Fagina,
606 2166 740 2221 caelatum
758 2165 843 2219 divini
862 2182 930 2235 opus
949 2164 1165 2221 Alcimedontis:

477 2242 566 2298 Lenta
583 2242 681 2312 quibus
700 2245 779 2296 torno
796 2242 871 2295 facili
889 2241 1068 2310 superaddita
1084 2240 1150 2296 ritis

477 2317 596 2372 Diffnsos
613 2318 715 2373 hedera
732 2318 816 2373 vestit
833 2318 952 2385 pallente
969 2317 1117 2386 corymbos.

477 2393 512 2448 In
528 2393 618 2447 medio
635 2393 689 2446 duo
707 2394 791 2460 signa,
810 2394 910 2461 Conon,
929 2394 1054 2462 et-quis
1071 2394 1124 2448 fuit
1141 2394 1220 2462 alter,
1310 2416 1336 2455 40

476 2468 627 2537 Descripsit
644 2468 722 2522 radio
740 2471 829 2523 totum
848 2470 895 2538 qui
912 2469 1041 2537 gentibus
1058 2468 1161 2536 orbem,

476 2545 609 2613 Tempora
625 2561 696 2613 quae
712 2560 824 2611 messor,
842 2560 913 2613 quae
930 2560 1029 2597 curvus
1046 2547 1138 2598 arator
1155 2545 1290 2601 haberet?

475 2620 601 2675 Necdum
617 2617 672 2674 illis
688 2621 766 2675 labra
783 2620 899 2687 admovi,
918 2619 968 2674 sed
985 2620 1095 2673 condita
1113 2636 1197 2674 servo.

475 2697 513 2752 D.
531 2698 568 2751 llt
585 2696 663 2750 nobis
681 2698 754 2751 idem
773 2695 935 2749 Alcimedon
953 2695 1008 2749 duo
1025 2695 1122 2764 pocula
1138 2695 1211 2764 fecit,

475 2774 511 2828 Et
527 2772 603 2827 molli
620 2774 721 2827 circum
739 2776 782 2827 est
800 2789 879 2826 ansas
897 2773 1039 2841 amplexus
1056 2773 1179 2841 acantho,
1309 2792 1334 2832 45

475 2850 641 2920 Orpheaque
658 2849 687 2902 in
704 2848 795 2903 medio
812 2850 904 2917 posuit
922 2849 1058 2917 silvasque
1076 2850 1222 2919 sequentis

473 2926 600 2981 Necdum
618 2926 673 2980 illis
691 2924 769 2979 labra
788 2924 904 2993 admovi,
923 2925 972 2979 scd
990 2926 1100 2981 condita
1117 2943 1203 2980 servo.

473 3002 504 3058 si
521 3003 557 3057 ad
573 3002 687 3058 vitulam
708 3006 824 3071 spectas,
843 3001 911 3055 nihil
930 3005 980 3069 cst,
999 3002 1073 3071 quod
1090 3003 1187 3072 pocula
1202 3003 1306 3058 laudes.

472 3078 515 3133 M.
523 3079 670 3149 Nunquam
682 3078 764 3133 hodie
777 3077 892 3147 effugies
900 3100 907 3145 ;
915 3078 1031 3147 veniam,
1042 3095 1212 3147 quocumque
1219 3080 1332 3135 vocaris.

473 3156 580 3210 Audiat
591 3156 659 3210 haec
670 3154 860 3210 tantum—vel
876 3156 923 3224 qui
935 3156 1018 3222 venit,
1031 3172 1100 3219 ecce,
1113 3154 1266 3208 Palaemon.
1306 3171 1333 3208 so

433 3238 436 3242 ’
472 3231 593 3287 Efficiam
608 3232 725 3302 posthae
743 3250 779 3287 ne
797 3248 963 3301 quemquam
984 3249 1049 3286 voce
1066 3232 1189 3286 lacessas.

471 3306 510 3363 D.
528 3309 599 3375 Quin
611 3326 668 3377 age,
683 3309 706 3362 si
719 3308 787 3377 quid
798 3308 893 3376 habes,
906 3307 935 3362 111
948 3325 993 3363 me
1005 3324 1082 3361 mora
1094 3324 1148 3361 non
1160 3307 1214 3361 erit
1225 3307 1287 3375 ulla,

471 3382 531 3439 Nec
548 3402 712 3455 quemquam
731 3386 823 3453 hrgio:
841 3388 957 3451 tantum,
976 3383 1062 3438 vicine
1083 3382 1238 3450 Palaemon,

465 3458 600 3514 Sensibus
617 3462 687 3515 haec
704 3462 774 3531 imis,
793 3478 838 3515 res
855 3464 899 3515 est
916 3477 970 3513 non
987 3476 1079 3530 parve,
1099 3474 1223 3527 reponas.

445 3527 488 3579 P.
502 3534 606 3602 Dicite
622 3537 858 3608 qnandoquidem
870 3538 901 3592 in
913 3536 993 3592 molli
1004 3534 1181 3591 consedimus
1186 3533 1287 3585 herba„
1312 3549 1341 3582 se

427 3590 474 3647 Et
490 3620 572 3659 nunc
589 3614 685 3666 omnis
702 3632 784 3686 ager,
806 3633 886 3673 nunc
905 3615 1002 3671 omnis
1017 3612 1147 3684 parturit
1163 3607 1271 3668 arbos3

408 3658 503 3723 Nune
518 3680 669 3743 frondent
686 3691 808 3760 silvae;
828 3711 912 3752 nunc
930 3688 1164 3750 formosissimus
1181 3692 1282 3734 mnus
