3467 4367
493 625 522 674 io
727 620 756 671 P.
777 619 935 671 VERGILI
950 622 1122 676 miconis

493 707 574 774 Aque
591 703 668 759 Chao
686 702 786 757 densos
804 702 897 757 divom
914 704 1078 760 numerabat
1093 721 1212 765 amores.

492 781 619 834 Carmine
636 796 690 848 quo
708 782 804 848 captae
822 779 888 833 dnm
906 780 975 834 fusis
991 781 1084 836 mollia
1101 799 1190 852 pensa

492 858 652 921 Devolvunt,
671 856 771 908 iterum
789 860 929 910 maternas
945 857 1045 925 inpulit
1063 859 1141 916 auris

491 934 594 988 Luctus
613 931 743 998 Aristaei,
761 931 910 1001 vitreisque
928 933 1060 990 sedilibus
1077 951 1173 992 omnes
1318 953 1357 996 sss

491 1010 656 1078 Obstipuere
662 1028 670 1073 ;
691 1008 740 1061 scd
758 1012 823 1062 unte
841 1009 909 1063 alias
929 1010 1069 1064 Arethusa
1087 1027 1200 1068 sorores

491 1086 662 1155 Prospiciens
680 1102 786 1140 summa
802 1085 903 1139 flavum
920 1089 1007 1155 capnt
1022 1087 1123 1141 extulit
1140 1088 1224 1157 unda,

490 1163 526 1217 Et
544 1162 650 1231 procrl:
671 1162 694 1215 0
712 1161 819 1229 gemitu
836 1178 890 1215 non
907 1162 1013 1217 frustra
1029 1164 1165 1218 exterrita
1182 1168 1271 1235 tanto,

490 1240 595 1309 Cyrene
613 1255 697 1306 soror,
716 1238 774 1306 ipse
791 1238 849 1306 tibi,
868 1241 918 1292 tua
934 1254 1063 1293 maxuma
1079 1255 1151 1308 cura,

489 1316 586 1369 Tristis
605 1316 748 1369 Aristaeus
766 1315 850 1369 Penei
868 1315 1003 1383 genitoris
1020 1315 1057 1369 ad
1073 1315 1176 1372 undam
1315 1335 1353 1378 sss

489 1393 551 1446 Stat
568 1392 719 1460 lacrimans,
737 1395 767 1446 et
783 1395 814 1445 te
830 1390 970 1445 crudelem
989 1391 1100 1447 nomine
1118 1392 1194 1448 dicit

489 1469 561 1522 liuic
578 1486 708 1538 percussa
725 1485 795 1521 nova
812 1471 935 1520 mentem
953 1466 1098 1522 formidine
1115 1472 1217 1538 mater,

489 1545 556 1613 Duc,
574 1563 632 1614 age,
652 1545 706 1598 duo
723 1544 760 1597 ad
777 1561 842 1609 nos;
859 1543 902 1597 ias
919 1543 959 1596 illi
977 1543 1073 1598 limina
1091 1544 1185 1600 divom

488 1621 618 1690 Tangere,
637 1623 682 1676 ait
719 1620 805 1675 Simul
823 1620 880 1674 alta
897 1620 976 1675 iubet
994 1620 1139 1675 discedere
1155 1622 1214 1678 iste

487 1695 623 1768 Flumina,
637 1715 693 1768 qua
710 1696 815 1750 iuvenis
832 1712 942 1765 gressus
959 1696 1083 1751 inferret
1122 1697 1162 1752 At
1178 1698 1257 1754 illum
1311 1716 1351 1759 m

487 1773 605 1829 curvata
622 1778 651 1827 in
668 1773 770 1827 montis
786 1772 884 1827 faciem
903 1772 1085 1829 circumstetit
1102 1774 1177 1828 undu

487 1852 659 1921 Accepitque
677 1852 737 1904 sinu
754 1854 832 1903 vasto
849 1850 981 1919 misitque
999 1851 1051 1904 sub
1068 1867 1187 1908 amnem.

487 1926 602 1995 Iamque
619 1928 730 1981 domum
748 1927 850 1980 mirans
867 1926 1015 1995 genetricis
1032 1930 1063 1981 et
1078 1926 1191 1982 humida
1207 1944 1300 1997 regns

485 2002 681 2073 speluncisque
698 2004 772 2057 lacus
789 2002 895 2057 clausos
912 2003 1041 2071 lucosque
1059 2003 1182 2058 sonantis

486 2078 557 2149 Ibat,
576 2084 605 2135 et
621 2081 727 2149 ingenti
743 2083 822 2133 motu
839 2079 1009 2148 stupefactus
1026 2096 1162 2147 aquarum
1309 2096 1349 2138 sss

485 2156 585 2212 Omnia
602 2159 652 2212 sub
670 2174 769 2226 magna
786 2155 908 2209 labentia
925 2155 1039 2210 flumina
1055 2159 1132 2210 terra

484 2233 632 2302 Spectabat
650 2235 760 2288 diversa
776 2233 849 2300 locis,
869 2232 1041 2301 Phasimque,
1059 2232 1227 2301 Lycumque,

485 2309 525 2363 Et·
539 2315 628 2380 caput,
646 2309 720 2364 unde
738 2310 811 2363 altus
827 2309 947 2377 primurn
966 2325 996 2363 se
1014 2308 1132 2377 erumpit
1150 2307 1284 2379 Enipeus,

484 2385 567 2440 Unde
584 2391 664 2457 pater
682 2386 833 2453 ihherinus,
852 2390 882 2439 et
900 2386 974 2439 unde
993 2386 1102 2439 Aniena
1117 2383 1231 2455 fluenta,

408 2487 410 2498 =
484 2461 657 2532 Saxosusque
676 2478 773 2515 sonans
791 2462 922 2531 Hypanis,
941 2462 1090 2531 Mysusque
1109 2459 1216 2528 Caicus,
1308 2479 1347 2521 ⁸⁷⁰

483 2537 521 2592 Et
538 2539 646 2607 gemina
663 2542 775 2592 auratus
791 2539 901 2592 taurino
918 2555 1019 2593 cornua
1036 2538 1112 2593 voltu

483 2613 625 2682 Eridanus,
645 2632 699 2685 quo
717 2631 770 2667 non
788 2614 856 2668 alius
873 2633 924 2684 per
940 2615 1054 2685 pinguia
1071 2614 1145 2670 cultu
1210 2659 1215 2668 .

483 2691 518 2745 In
535 2709 609 2746 mare
626 2708 794 2761 purpureum
813 2691 958 2748 violentior
974 2688 1062 2746 cffluit
1080 2690 1174 2745 amnis

483 2768 631 2838 Postquam
649 2768 737 2823 estin
755 2768 868 2822 thalami
887 2769 1036 2838 pendentia
1051 2767 1159 2837 pumice
1177 2769 1258 2835 tecta

482 2841 657 2915 Perventum,
675 2851 704 2900 ct
722 2847 780 2899 nati
798 2845 879 2899 fletus
897 2845 1024 2913 cognovit
1043 2845 1130 2899 inanis
1305 2858 1344 2902 επ

482 2921 594 2991 Cyrene,
613 2922 737 2976 manibus
754 2921 873 2991 liquidos
893 2922 961 2976 dant
979 2921 1075 2975 ordine
1091 2920 1175 2976 fontis

481 2998 640 3065 Germanae,
658 3000 798 3068 tonsisque
814 2999 909 3053 ferunt
926 2998 1056 3053 mantelia
1076 2997 1162 3063 villis;

435 3095 437 3099 ’
482 3074 550 3129 Pars
567 3077 655 3146 epulis
672 3079 787 3130 onerant
805 3092 920 3144 mensas,
939 3078 968 3129 et
985 3075 1067 3144 plena
1084 3076 1223 3143 reponunt

481 3150 595 3218 Pocula3
615 3152 765 3207 Panchaeis
783 3152 943 3207 adolescunt
961 3150 1072 3221 ignibus
1088 3166 1167 3216 arac3

480 3228 518 3282 lit
535 3233 631 3297 mater,
651 3230 724 3298 Cape
742 3229 861 3283 Maeonii
880 3228 1017 3283 carchesia
1036 3226 1151 3282 Bacchi:
1302 3242 1341 3282 m

480 3304 589 3360 Oceano
605 3306 729 3376 libemus,
746 3307 792 3360 ait.
829 3305 916 3359 Simul
935 3305 995 3375 ipsa
1012 3307 1141 3375 precatur

480 3379 673 3451 Oceanumque
689 3386 797 3451 patrem
814 3398 906 3435 rerum
925 3381 1121 3450 Nymphasque
1140 3394 1259 3449 sorores,

475 3457 594 3512 Centum
612 3475 685 3527 quae
702 3459 791 3527 siivas,
810 3460 922 3512 eentum
940 3475 1012 3528 quae
1029 3456 1140 3510 flumina
1158 3457 1279 3512 serrant.

454 3527 515 3580 Per
526 3532 639 3600 liquido
657 3534 809 3591 ardentem
829 3534 960 3607 perfudit
976 3537 1092 3589 nectare
1105 3530 1236 3595 hostum,

435 3595 498 3651 I'or
511 3604 633 3663 namma
652 3612 694 3668 ad
711 3630 866 3671 summum
884 3614 963 3670 tecti
981 3610 1115 3667 suhiecta
1128 3600 1246 3656 ΝΜ·
1322 3614 1361 3654 u

416 3664 529 3729 Omine
548 3697 612 3751 qno
630 3687 765 3749 firmans
781 3693 928 3751 animum
949 3691 991 3746 sic
1009 3682 1119 3754 incipit
1133 3678 1218 3746 ipsa·-
