3467 4367
448 599 496 649 322
682 598 710 646 Ρ.
731 596 884 645 VERGILI
901 595 1069 646 MARONIS

448 677 503 731 Olli
520 676 591 732 dura
611 679 689 748 quies
708 678 800 732 ocules
818 680 848 731 et
866 677 972 731 ferreus
993 674 1094 745 urguet

448 754 578 819 Somnus3
599 754 627 807 in
645 758 785 807 aeternam
806 753 971 807 clauduntur
989 753 1091 807 lumina
1109 757 1225 810 noctem
1266 770 1304 812 aie

483 832 523 882 At
542 829 603 897 pius
622 830 732 883 Aeneas
752 828 881 883 dextram
900 829 1034 883 tendebat
1053 829 1186 884 inermem

447 904 474 957 N
475 905 561 959 ndate
578 905 676 973 capite,
694 908 779 974 atque
797 921 860 959 suos
878 905 996 959 clamere
1015 904 1143 960 vocabat:

448 981 508 1045 Quo
525 982 606 1034 ruitis
617 983 740 1049 lquaeve
751 982 805 1036 ista
821 999 922 1051 repens
940 982 1076 1035 discordia
1095 982 1202 1049 surgitl

447 1056 471 1110 0
490 1058 616 1111 cohibete
633 1057 705 1111 iras!
725 1058 809 1112 ictum
827 1058 883 1111 iam
900 1058 1003 1126 foedus,
1023 1062 1052 1111 et
1069 1075 1162 1111 omnes

447 1132 610 1202 conpositae
626 1133 720 1202 leges;
737 1134 804 1187 mihi
821 1134 865 1187 ius
883 1150 1044 1187 concurrere
1063 1134 1112 1187 seli
1122 1138 1137 1201 ;'
1265 1151 1303 1187 ais

447 1208 494 1263 Me
512 1210 601 1279 sinite,
619 1213 703 1279 atque
721 1210 828 1264 auferte
845 1213 956 1265 metus:
975 1226 1026 1278 ego
1045 1210 1156 1263 foedera
1172 1209 1236 1264 faxo

447 1284 541 1339 Firma
557 1302 657 1351 manu3
675 1288 797 1340 Turnum
815 1285 918 1341 debent
935 1286 1002 1339 haec
1018 1287 1073 1339 iam
1090 1285 1157 1338 mihi
1176 1303 1259 1340 sacra

447 1360 507 1415 Has
523 1362 597 1416 inter
614 1379 701 1429 voces,
719 1363 811 1417 media
828 1363 902 1417 inter
919 1362 985 1417 talia
1002 1362 1092 1428 verba,

447 1435 524 1506 Ecce,
541 1438 600 1492 vire
618 1439 740 1493 stridens
758 1439 808 1493 alis
826 1439 939 1507 adlapsa
957 1437 1059 1506 sagitta
1076 1442 1126 1504 est,

447 1511 596 1582 Incertum,
615 1532 670 1583 qua
686 1516 765 1584 pulsa
782 1531 873 1583 manu,
891 1530 945 1584 quo
963 1513 1074 1567 turbine
1092 1514 1196 1579 adacta,
1266 1529 1303 1567 sao

447 1588 514 1652 Quis
531 1593 637 1644 tantam
655 1592 766 1645 Rutulis
783 1591 901 1658 laudem,
919 1606 1033 1644 casusne
1052 1590 1161 1657 deusne,

449 1664 585 1719 Attulerit
593 1688 604 1732 ,-
620 1684 716 1735 pressa
733 1671 777 1721 est
795 1666 910 1734 insignis
927 1666 1013 1734 gloria
1031 1666 1102 1733 facti,

447 1738 474 1791 N
475 1756 506 1793 ec
523 1756 584 1794 sese
603 1744 715 1795 Aeneae
732 1742 844 1796 iactavit
861 1742 972 1796 volnere
990 1742 1143 1811 quisquam.

447 1814 560 1882 Turnus,
578 1818 611 1869 ut
630 1817 744 1870 Aenean
762 1817 904 1870 cedentem
925 1834 959 1870 ex
977 1818 1084 1886 agmine
1102 1818 1173 1872 vidit

447 1890 636 1962 turbatosque
654 1892 744 1961 duces,
763 1893 854 1947 subita
868 1910 917 1961 spe
935 1893 1056 1947 fervidus
1074 1893 1170 1960 ardet;
1264 1911 1302 1950 aas

448 1968 540 2021 Poscit
557 1984 641 2037 eques
659 1973 742 2039 atque
760 1986 836 2023 arma
855 1969 942 2037 simul,
962 1969 1089 2038 saltuque
1107 1970 1242 2039 superbus

448 2044 553 2098 Emicat
569 2045 598 2097 in
616 2062 732 2111 currum,
750 2049 779 2100 et
796 2046 922 2099 manibus
940 2045 1051 2099 molitur
1068 2046 1193 2100 habenas.

448 2120 538 2174 Multa
554 2122 643 2175 virum
661 2123 778 2176 volitans
797 2122 846 2175 dat
863 2122 946 2184 fortia
963 2137 1077 2190 corpora
1095 2122 1168 2185 lete;
1225 2161 1227 2166 -

448 2197 595 2250 seminecis
612 2198 697 2252 volvit
713 2199 822 2264 multos,
840 2201 890 2251 aut
907 2198 1015 2265 agmina
1021 2186 1114 2250 'curru

448 2272 576 2339 Protcrit,
593 2277 641 2327 aut
658 2278 752 2342 raptas
769 2273 938 2341 fugientibus
955 2273 1057 2341 ingerit
1075 2273 1175 2326 hastas.
1263 2289 1300 2328 aaa

448 2348 541 2413 Qualis
558 2349 632 2417 apud
650 2350 735 2417 gelidi
752 2366 814 2403 cum
831 2349 944 2403 flumina
961 2348 1082 2402 concitus
1102 2347 1189 2402 Hebri

447 2423 616 2491 Sanguineas
634 2425 744 2479 Mavors
761 2426 848 2493 clipeo
866 2426 997 2493 increpat,
1016 2429 1099 2495 atquo
1117 2424 1233 2478 furentis

448 2499 525 2553 Bella
542 2516 655 2554 movens
672 2501 788 2554 inmittit
806 2517 909 2568 eques;
926 2500 966 2553 illi
985 2517 1103 2569 aequore
1121 2505 1217 2570 aperto

449 2577 523 2629 Ante
542 2576 629 2629 Notos
648 2577 856 2644 Zephyrumque
874 2577 982 2641 volant;
1000 2577 1085 2644 gemit
1103 2576 1199 2629 ultima
1217 2577 1299 2644 pulsu

447 2650 552 2705 Thraca
563 2652 664 2720 pedum
677 2673 683 2717 3
701 2654 858 2721 circumque
870 2655 947 2707 atrae
961 2652 1124 2706 Formidinis
1136 2670 1190 2719 ora,
1262 2668 1299 2707 aas

449 2727 572 2802 Iraeque,
592 2728 775 2799 Insidiaeque,
794 2728 839 2782 dei
857 2729 1010 2796 comitatus,
1028 2733 1160 2797 agimtur:

446 2802 518 2857 Talis
536 2821 621 2873 equos
639 2805 726 2858 alacer
744 2805 835 2859 media
852 2806 926 2859 inter
942 2806 1045 2874 proelia
1064 2806 1170 2858 Turnus

449 2878 589 2934 Fumantis
608 2881 708 2935 sudore
727 2882 824 2950 quatit,
842 2881 998 2935 miseiabile
1016 2882 1100 2935 caesis

449 2955 581 3010 Hostibus
599 2958 752 3024 insultans;
770 2957 877 3025 spargit
894 2956 991 3025 rapida
1008 2956 1110 3025 ungula
1127 2974 1221 3011 rores·

447 3031 622 3101 Sanguineas,
639 3033 780 3100 mixtaque
799 3049 878 3085 cruer
895 3033 1016 3086 calcatur
1033 3050 1123 3088 arena.
1260 3048 1299 3087 aa)

447 3106 563 3176 Iamque
580 3109 640 3163 neci
659 3108 875 3177 Sthenelumque
900 3107 979 3163 dedit
996 3109 1206 3177 Thamyrimque
1226 3110 1297 3163 Phe

515 3184 638 3255 lumque,

448 3259 529 3313 Hunc
541 3277 701 3328 congressus
713 3264 743 3315 et
754 3262 834 3329 hunc,
846 3261 923 3314 illum
936 3260 1042 3315 eminus
1049 3282 1056 3325 ;
1069 3262 1174 3315 eminus
1185 3260 1267 3315 ambo

448 3334 625 3402 Imbrasidas,
638 3337 770 3390 Glaucum
783 3341 867 3405 atque
882 3337 983 3405 Laden,
996 3352 1064 3404 quos
1077 3335 1218 3390 Imbrasus
1236 3336 1297 3404 ipse

449 3410 590 3463 Nutrierat
608 3410 697 3479 Lycia,
715 3413 883 3481 paribusque
902 3416 1046 3466 ornaverat
1064 3413 1153 3478 armis,

444 3484 494 3539 Vel
502 3487 632 3545 contem
643 3506 766 3561 manum,
779 3489 823 3545 rel
837 3505 909 3561 equo
919 3492 1096 3560 praeuertere
1107 3493 1211 3541 ventos.
1259 3502 1296 3543 aas

418 3559 510 3618 Parte
528 3565 585 3640 alia
605 3568 706 3627 media
724 3570 876 3627 Eumedes
891 3569 923 3623 in
939 3565 1049 3638 proelia
1062 3564 1163 3626 letter,

409 3638 538 3740 Antiqui
550 3650 657 3719 proles
680 3650 761 3710 bello
782 3648 939 3725 praeclara
954 3638 1088 3704 Dolonis,
