3467 4367
462 628 491 675 ³0
685 623 715 673 Ρ.
734 623 888 673 VERGILI
904 624 1071 677 MARONIS

461 706 545 761 Haud
562 707 677 762 obscura
693 704 794 759 cadens
811 704 905 758 mittet
922 705 972 759 tibi
991 708 1067 776 signa
1085 709 1204 764 Bootes:

463 784 562 852 Incipe,
580 789 609 839 et
627 784 663 837 ad
682 780 785 845 medias
804 785 955 835 sementem
974 787 1093 840 extende
1112 787 1230 854 purinas.
1283 802 1320 843 cro

497 856 602 913 Idc‘irco
620 860 702 913 certis
721 856 875 911 dimensum
893 858 1018 925 partibus
1036 863 1130 917 orbem

462 932 518 993 Per
534 936 661 990 duodena
677 935 749 1003 regit
766 933 861 989 mundi
879 934 925 988 Sel
943 952 1042 991 aureus
1059 943 1141 993 astra.

463 1014 587 1083 Quinque
605 1015 703 1067 tenent
720 1011 825 1066 eaelum
843 1026 943 1077 zonae3
963 1031 1078 1081 quarum
1096 1032 1151 1069 una
1168 1032 1282 1070 eomseo

463 1091 577 1160 Semper
594 1089 649 1143 sole
666 1089 769 1143 rubens
786 1090 816 1141 et
833 1087 938 1141 torrida
956 1105 1064 1158 semper
1082 1090 1117 1144 ab
1133 1092 1205 1159 igni;

463 1168 550 1233 Quam
562 1167 662 1220 circum
674 1168 814 1219 extremae
826 1163 927 1218 dextra
938 1164 1069 1235 laevaque
1082 1168 1237 1233 trahuntur,
1282 1179 1320 1222 ast

463 1243 595 1299 annrlea
612 1242 698 1310 glaeie
716 1243 858 1303 concretae
877 1244 961 1309 atque
978 1242 1111 1296 imbribus
1130 1243 1215 1307 atris3

464 1320 524 1373 Has
540 1320 614 1373 inter
632 1318 805 1385 mediamque
823 1316 895 1370 duae
913 1319 1074 1372 mortalibus
1092 1320 1182 1388 aegris

463 1396 580 1449 Munere
598 1410 741 1449 concessae
759 1393 857 1459 divom,
877 1397 906 1447 et
924 1394 967 1447 via
985 1399 1061 1449 secta
1077 1413 1128 1463 per
1144 1395 1247 1461 ambas,

464 1472 596 1540 Obliquus
614 1488 668 1540 qua
686 1488 716 1524 se
734 1470 872 1537 signorum
891 1474 1014 1525 verteret
1033 1472 1106 1526 ordo.

463 1547 589 1613 Mundus,
600 1551 632 1601 ut
644 1546 680 1600 ad
692 1546 828 1613 Scythiam
847 1546 1037 1616 Rhipaeasque
1050 1548 1150 1601 arduus
1162 1562 1238 1602 areas
1282 1560 1319 1601 ase

464 1624 617 1692 Consurgit,
635 1623 770 1691 premitur
787 1621 890 1689 Libyae
909 1623 1029 1678 devexus
1046 1625 1074 1678 in
1092 1627 1207 1678 austros.

464 1701 519 1755 Hie
536 1702 632 1754 ver-tex
649 1698 726 1752 nobis
745 1714 853 1766 semper
871 1698 1007 1766 sublimis;
1026 1704 1056 1754 at
1073 1701 1149 1753 illum

464 1776 521 1831 Sub
538 1775 654 1845 pedibus
672 1774 740 1843 Styx
757 1778 819 1828 atra
835 1775 913 1830 videt
930 1776 1080 1845 Manesque
1098 1775 1234 1844 profundi.
1333 1790 1337 1795 ’

464 1852 609 1907 Maxumus
625 1852 669 1905 hic
687 1852 761 1905 flexu
778 1852 885 1905 sinuoso
903 1852 1022 1907 elabitur
1041 1853 1147 1920 Anguis

430 1982 436 1992 ,
465 1929 572 1985 Circum
590 1945 694 1999 perque
713 1928 781 1982 duas
797 1929 826 1982 in
843 1946 948 1982 morem
966 1929 1082 1983 fluminis
1101 1930 1210 1993 Arctos,
1282 1942 1319 1982 ass

465 2006 566 2060 Arctos
585 2004 686 2059 Oceani
703 2001 851 2059 metuentis
868 2022 987 2073 aequore
1004 2006 1099 2073 tingui.

465 2082 532 2152 lllie,
549 2085 581 2136 ut
597 2081 751 2151 perhibent,
768 2084 817 2134 aut
834 2081 1001 2149 intempesta
1019 2082 1080 2135 silet
1097 2097 1151 2135 uox

464 2160 585 2228 Semper,
603 2162 633 2213 et
650 2157 763 2212 obtenta
781 2157 931 2211 densantur
944 2162 1024 2211 necte
1039 2158 1176 2223 tenebrae,

464 2235 524 2289 Aut
540 2235 615 2289 redit
632 2252 649 2288 a
665 2234 744 2287 nobis
763 2234 873 2288 Aurora
891 2232 1019 2301 diemque
1038 2233 1152 2300 reducit,

464 2312 576 2380 Nosque
593 2312 640 2365 ubi
658 2311 761 2379 primus
779 2310 856 2377 equis
874 2308 972 2362 Oriens
989 2310 1101 2368 adflavit
1118 2309 1230 2375 anhelis,
1280 2324 1318 2364 aso

465 2388 524 2442 lllio
542 2404 603 2442 scra
620 2387 720 2441 rubens
738 2385 863 2440 accendit
880 2385 982 2439 lumina
1000 2385 1112 2453 Vesper.

465 2464 537 2516 Hinc
554 2465 734 2531 tempestates
752 2460 833 2514 dubio
850 2461 1023 2529 praediscere
1040 2462 1115 2516 eaelo

465 2538 619 2606 Possumus,
636 2538 699 2591 hinc
716 2537 867 2605 messisque
884 2536 957 2591 diem
974 2541 1136 2606 tempusque
1154 2537 1273 2604 serendi,

464 2615 501 2668 Ilt
518 2614 628 2683 quande
645 2613 760 2667 infidum
777 2613 860 2667 remis
877 2613 1007 2682 inpellere
1025 2631 1143 2668 marmor

465 2690 620 2758 Conveniat,
640 2689 749 2757 quando
766 2693 886 2743 mmatas
904 2690 1039 2743 deducere
1057 2689 1157 2753 classis,
1279 2705 1317 2745 aas

465 2768 524 2821 Aut
541 2766 731 2835 tempestivam
749 2765 823 2819 silvis
840 2768 966 2820 evertere
984 2766 1093 2834 pinum:

464 2842 491 2895 N
492 2858 523 2897 eo
538 2843 643 2896 frustra
661 2843 797 2910 signorum
814 2842 905 2895 obitus
923 2842 1093 2910 speculamur
1110 2849 1140 2897 et
1157 2846 1243 2910 ortus,

464 2918 696 2988 Temporibusque
714 2935 809 2988 parem
828 2918 942 2971 diversis
959 2921 1089 2985 quattuor
1106 2935 1213 2975 annum.

499 2994 628 3063 Frigidus
646 2995 791 3063 agnellam
809 2994 958 3063 siquando
976 2995 1097 3049 continet
1114 2996 1209 3062 imber,

464 3070 559 3136 Multa,
577 3071 667 3125 forent
685 3086 756 3139 quae
773 3087 838 3125 mox
855 3070 929 3124 caelo
947 3072 1121 3139 properanda
1138 3087 1243 3139 serene,
1279 3088 1318 3127 aee

464 3147 604 3201 Maturare
622 3148 718 3201 datur:
738 3146 838 3201 durum
856 3145 984 3216 procudit
1001 3150 1094 3201 arator

464 3223 590 3278 Vomeris
607 3222 716 3276 obtunsi
734 3224 853 3291 dentem,
871 3225 950 3277 cavat
968 3223 1066 3277 arbore
1083 3225 1186 3289 lintres,

464 3301 523 3354 Aut
540 3299 631 3369 pecori
649 3299 756 3367 signum
774 3303 822 3354 aut
839 3316 967 3352 numeros
985 3300 1114 3367 inpressit
1132 3300 1243 3353 acervis.

463 3376 606 3431 Exacuunt
624 3376 668 3430 alii
686 3376 771 3429 valles
787 3376 933 3443 lineasque
951 3374 1075 3443 bicornis,

456 3453 556 3520 Atque
573 3454 708 3507 Amerina
725 3455 824 3522 parant
841 3451 934 3505 lentae
953 3452 1101 3506 retinacula
1118 3452 1174 3504 riti.
1278 3466 1318 3505 aas

440 3522 528 3578 Nunc
544 3530 637 3583 meilis
654 3529 745 3584 rubea
764 3532 881 3585 texatur
899 3527 997 3583 fiscina
1011 3527 1109 3595 uirga,

425 3591 517 3651 Nune
537 3606 650 3659 torrete
668 3606 732 3675 igni
750 3609 864 3678 fruges,
883 3622 961 3661 nune
973 3603 1100 3669 trangite
1118 3616 1196 3651 saxu-

415 3665 537 3739 Quippe
554 3681 650 3736 etiarn
673 3684 763 3741 festis
785 3685 939 3757 quaedam
957 3694 1100 3737 exercere
1119 3672 1225 3726 diebus
