3467 4367
459 610 506 658 268
694 614 723 663 Ρ.
741 611 896 659 VERGILI
913 610 1087 659 MARONIs‘·

459 688 584 756 Tydides
622 689 757 760 Equidem
775 690 866 756 credo,
885 706 946 743 inea
962 690 1073 745 volnera
1090 692 1203 754 restant,

459 764 496 817 Et
515 769 564 818 tua
581 766 726 835 progenies
744 765 871 819 mortalia
889 765 1016 819 demoror
1033 771 1125 821 arma!
1285 777 1312 816 oo

461 839 489 893 Si
508 841 567 895 sine
583 858 651 909 pace
669 845 718 895 tua
735 845 819 910 atque
837 841 924 894 invito
942 842 1053 896 numine
1072 843 1157 897 Troes

460 915 571 970 Italiam
587 918 710 985 petiere:
729 917 808 970 luant
825 921 945 985 peccata,
963 934 1052 987 neque
1070 918 1132 972 illos

460 991 567 1046 Iuveris
585 993 700 1047 auxilio:
720 994 762 1046 sin
780 996 823 1047 tot
840 1009 970 1061 responsa
988 994 1082 1061 secuti,

460 1066 536 1130 Quae
548 1068 646 1136 Superi
658 1068 810 1136 Manesque
822 1068 925 1122 dabant
937 1088 942 1124 :
955 1085 1004 1122 cur
1019 1086 1091 1123 nune
1102 1073 1151 1122 tua
1162 1067 1310 1137 quisquam

459 1141 579 1197 Vertere
596 1144 670 1198 iussa
687 1147 799 1213 potestl
817 1147 866 1198 aut
883 1160 932 1198 cur
949 1161 1020 1199 nova
1037 1145 1153 1199 condere
1171 1144 1249 1197 fatal
1285 1157 1311 1195 es

460 1217 532 1281 Quid
550 1224 674 1288 repetam
693 1223 804 1275 exustas
823 1220 938 1289 Erycino
956 1220 985 1272 in
1001 1220 1082 1274 litore
1100 1218 1213 1273 elassis?

460 1293 534 1357 Quid
551 1297 749 1364 tempestatum
766 1312 868 1363 regem,
886 1299 1036 1365 ventosque
1053 1295 1169 1349 furentis

460 1368 558 1424 Aeolia
576 1372 698 1426 excitos?
717 1374 765 1425 aut
782 1375 871 1425 actam
889 1371 1007 1424 nubibus
1026 1372 1114 1426 Iriml

459 1444 485 1497 N
486 1461 538 1500 unc
557 1447 641 1501 etiam
659 1447 853 1501 Manis—haec
870 1446 1034 1515 intemptata
1051 1445 1179 1499 manebat

458 1520 523 1575 Sors
541 1525 768 1590 rerum-movet,
787 1525 816 1576 et
834 1522 940 1590 superis
957 1521 1070 1575 inmissa
1086 1523 1201 1589 repente
1284 1534 1309 1572 so

458 1596 575 1666 Allecto,
593 1599 699 1652 medias
717 1598 819 1652 Italum
837 1597 969 1653 bacchata
985 1614 1035 1666 per
1052 1597 1142 1651 urbes.

458 1672 505 1725 Nil
523 1690 606 1741 super
623 1674 728 1743 inperio
746 1689 873 1737 moveor;
891 1674 1058 1741 speravimus
1076 1672 1137 1740 ista,
1177 1703 1182 1716 .

458 1746 531 1800 Dum
548 1750 659 1813 fortuna
676 1749 746 1814 fuit3
763 1749 881 1816 vincant,
898 1764 967 1817 quos
984 1749 1091 1802 vincere
1109 1748 1201 1801 mavis.

458 1822 487 1876 Si
504 1823 579 1876 nulla
597 1828 640 1878 est
657 1825 741 1891 regio,
761 1824 872 1876 Teucris
890 1840 973 1892 quam
984 1823 1039 1878 det
1056 1826 1105 1877 tua
1120 1823 1238 1877 coniunx

458 1894 541 1966 Dura,
559 1916 609 1969 per
627 1916 745 1967 eversae,
763 1900 879 1968 genitor,
897 1899 1030 1953 fumantia
1048 1900 1144 1953 Troiae
1285 1914 1310 1952 se

459 1975 587 2029 Exseidia
604 1975 746 2031 obtestor:
764 1975 845 2030 liceat
863 1975 1004 2030 dimittere
1021 1976 1057 2029 ab
1075 1976 1157 2029 armis

458 2050 624 2105 Incolumem
642 2053 799 2121 Ascanium,
817 2053 899 2107 liceat
916 2068 1059 2120 superesse
1076 2054 1212 2120 nepotem.

457 2129 568 2182 Aeneas
586 2145 650 2183 sane
668 2129 770 2196 ignotis
787 2129 906 2182 iactetur
923 2128 951 2180 in
969 2127 1058 2196 undis,

457 2202 501 2270 Et,
520 2220 707 2273 quaecumque
724 2205 796 2258 viam
814 2204 924 2259 dederit
943 2203 1072 2271 Fortuna,
1092 2206 1241 2272 sequatur:

459 2277 540 2333 Hunc
557 2283 653 2348 tegere
671 2284 701 2334 et
719 2279 796 2334 dirae
813 2280 918 2333 valeam
938 2279 1091 2333 subducere
1108 2295 1224 2347 pugnae.
1283 2294 1309 2333 so

410 2413 414 2436 ι
457 2354 508 2408 Est
527 2356 671 2421 Amathus,
689 2360 732 2411 est
750 2356 822 2410 celsa
839 2356 907 2408 mihi
926 2354 1035 2423 Paphus
1052 2359 1136 2422 atque
1155 2354 1283 2423 Cythera,

458 2429 618 2500 Idaliaeque
636 2433 749 2486 domus:
767 2432 865 2500 positis
882 2431 1013 2499 inglorius
1031 2431 1114 2484 armis

458 2506 559 2573 Exigat
577 2507 620 2561 hie
637 2523 742 2561 aevum.
780 2507 883 2573 Magna
901 2507 1007 2560 dicione
1024 2506 1118 2560 iubeto

458 2580 602 2649 Karthago
620 2586 728 2651 premat
747 2583 915 2647 Ausoniam3
933 2582 1000 2635 nihil
1017 2582 1131 2636 urbibus
1148 2579 1214 2634 inde

457 2657 588 2713 Obstabit
605 2658 699 2726 Tyriis.
736 2657 809 2722 Quid
826 2662 933 2726 pestem
951 2657 1068 2713 evadere
1086 2656 1151 2710 belli
1285 2674 1299 2712 5

458 2734 533 2787 Iuvit
551 2737 580 2787 et
598 2734 740 2802 Argolicos
758 2733 879 2805 medium
897 2734 999 2802 fugisse
1016 2751 1066 2802 per
1083 2732 1160 2800 ignis,

457 2810 563 2877 Totque
581 2810 664 2863 maris
681 2813 829 2877 vastaeque
848 2809 981 2863 exhausta
999 2809 1120 2878 pericula
1137 2812 1237 2875 terme,

458 2886 529 2938 Dum
549 2886 658 2940 Latium
677 2886 772 2939 'leucri
791 2885 967 2954 recidivaque
986 2885 1121 2953 Pergama
1138 2888 1295 2953 quaeruntl
1339 2900 1347 2908 ·

458 2962 519 3014 Non
537 2963 630 3030 satius,
647 2962 752 3015 cineres
769 2961 876 3029 patriae
894 2961 1026 3014 insedisse
1044 2977 1184 3029 supremos

457 3039 553 3105 Atque
565 3038 660 3104 solum,
674 3054 728 3105 quo
741 3037 820 3090 Troia
832 3037 905 3090 fuitl
917 3036 1059 3091 Xanthum
1071 3041 1100 3091 et
1116 3036 1256 3090 Simoenta
1281 3052 1308 3090 oo

457 3112 563 3182 Redde,
581 3130 636 3182 oro,
654 3113 768 3180 miseris,
785 3114 942 3181 iterumque
959 3114 1097 3167 revolvere
1115 3128 1193 3166 casus

457 3190 507 3257 Da,
524 3192 610 3258 pater,
630 3188 728 3242 Iliacos
745 3188 864 3242 Teucris.
902 3189 971 3241 Tum
988 3206 1065 3257 regia
1084 3190 1153 3243 luno

457 3265 530 3319 Aeta
546 3264 639 3319 furore
656 3264 748 3331 gravi:
767 3264 840 3328 Quid
858 3281 903 3318 me
921 3264 977 3318 alta
994 3265 1102 3317 silentia
1119 3263 1193 3331 cogis

457 3340 597 3409 Rumpere
614 3343 643 3394 et
661 3340 810 3394 obductum
826 3340 919 3394 verbis
933 3340 1042 3407 volgare
1060 3340 1198 3394 doloreml

456 3419 570 3470 Aenean
587 3416 725 3469 hominum
744 3415 888 3484 quisquam
907 3416 1053 3483 divomque
1071 3415 1179 3483 subegit
1281 3432 1307 3471 os

440 3493 524 3547 Bella
543 3493 633 3565 sequi,
652 3495 704 3549 aut
722 3492 833 3548 hostem
849 3492 912 3561 regi
928 3508 959 3563 se
972 3492 1076 3544 interne
1095 3490 1212 3544 Latino?
1318 3517 1320 3522 <

426 3570 549 3628 Italiam
566 3575 659 3645 petiit
679 3573 750 3631 fatis
770 3569 960 3634 auctoribus,
975 3570 1054 3630 estez

415 3645 614 3713 Cassandrae
632 3655 774 3731 inpulsus
795 3650 900 3709 iuriis:
914 3661 989 3703 uum
999 3643 1134 3707 linum
1150 3639 1244 3689 iiim
