3467 4367
685 632 872 681 AENEIDOS
889 633 958 682 LIB.
978 634 1044 682 XII.
1244 630 1289 674 aar

435 709 601 776 Insequitur,
620 709 777 779 trepidique
795 710 894 779 pedem
912 712 985 781 pede
1002 711 1126 766 fervidus
1142 711 1258 778 urguet:

435 784 574 837 Inclusum
591 784 677 839 veluti
695 786 718 838 01
736 787 846 855 quande
863 787 974 842 flumine
991 790 1087 841 nactus

434 860 552 914 (1077000
570 863 618 913 001
635 861 767 928 puniceae
786 866 912 930 saeptum
930 863 1075 917 formidine
1093 878 1198 933 pennae
1252 874 1290 915 770

435 937 559 988 Venator
576 952 657 989 eursu
674 937 749 991 canis
767 940 797 992 01
815 938 962 992 latratibus
980 940 1081 1003 instat;

435 1011 486 1064 Ille
504 1014 605 1078 autem,
623 1012 730 1066 insidiis
748 1016 777 1066 et
795 1013 855 1081 ripa
873 1015 988 1067 territus
1006 1015 1070 1081 alta,

434 1086 511 1140 Mille
529 1087 601 1155 fugit
617 1088 776 1156 refugitque
793 1090 864 1143 vias:
883 1093 913 1143 at
930 1090 1038 1143 vividus
1056 1088 1162 1143 Umber

435 1163 541 1217 Haeret
558 1163 643 1232 hians,
661 1163 715 1217 iam
732 1164 842 1233 iamque
859 1168 944 1234 tenet,
962 1166 1112 1234 similisque
1129 1162 1236 1219 tenenti

434 1237 576 1306 Increpuit
594 1239 680 1308 mulis,
698 1255 845 1309 morsuque
863 1241 956 1295 elusus
973 1241 1047 1294 inani
1065 1243 1114 1294 est.
1253 1251 1289 1292 700

434 1314 502 1366 Tum
520 1331 584 1369 vere
603 1317 726 1370 exoritur
743 1316 853 1382 elamor,
873 1318 1004 1385 ripaeque
1021 1316 1150 1383 lacusque

434 1390 606 1459 Responsant
624 1391 702 1457 cirea,
720 1395 749 1444 et
767 1391 871 1445 melum
889 1394 967 1446 10001
985 1407 1065 1444 omne
1082 1390 1210 1444 tumultu

435 1464 486 1517 Ille
504 1465 584 1517 simul
602 1465 709 1533 fugiens
728 1466 845 1520 Rutulos
864 1467 945 1519 simul
962 1468 1086 1535 increpat
1104 1465 1198 1529 omnis,

433 1540 550 1594 Nomine
568 1557 705 1610 quemque
723 1557 829 1609 vocans,
848 1546 1001 1611 notumque
1019 1540 1152 1608 efflagitat
1170 1555 1270 1594 ensem.

434 1617 544 1669 Aeneas
560 1620 676 1671 mertem
694 1621 789 1672 eontra
806 1635 990 1686 praesensque
1008 1618 1129 1671 minatur
1251 1628 1288 1671 700

433 1690 563 1759 Exitium,
582 1691 605 1745 si
621 1693 767 1762 quisquam
785 1694 877 1761 adeat,
895 1697 1038 1763 terretque
1056 1690 1209 1759 trementis,

433 1766 594 1821 Excisumm
612 1768 709 1823 urbem
728 1769 865 1837 minitans,
884 1773 914 1824 et
933 1771 1038 1825 saucius
1056 1770 1147 1823 100101.

433 1842 558 1912 Quinque
576 1845 650 1899 orbis
667 1846 779 1915 explent
797 1847 1077 1915 caremtetidemque
1094 1846 1225 1900 retexunt

433 1919 496 1973 Huc
512 1920 591 1986 illue;
608 1937 698 1989 neque
716 1923 788 1975 enim
805 1924 878 1977 levia
896 1926 944 1977 aut
962 1923 1068 1976 ludicra
1084 1922 1217 1988 petuntur

433 1994 564 2063 Praemia,
578 1996 628 2049 sed
639 1996 723 2050 Turni
736 1996 772 2051 de
784 1998 842 2051 vita
854 2001 883 2051 et
896 1996 1026 2064 sangnine
1038 1996 1153 2049 certant.
1252 2005 1287 2049 tm

433 2070 518 2124 Ferte
535 2080 611 2124 sacer
628 2071 723 2125 Fauno
741 2072 813 2125 feliis
830 2072 950 2125 oleaster
967 2069 1068 2124 amaris

433 2146 487 2198 Hic
505 2148 628 2213 steterat,
645 2147 738 2201 000110
755 2147 819 2200 olim
837 2145 996 2201 venerabile
1013 2146 1125 2214 lignum,

433 2220 540 2274 Servati
557 2237 592 2273 ex
609 2221 692 2275 undis
709 2222 757 2275 ubi
775 2223 860 2290 figere
879 2221 950 2274 dona
969 2219 1094 2275 solebant

434 2296 564 2350 Laurenti
582 2296 786 2352 (11700170100
804 2297 972 2365 suspendere
990 2300 1095 2361 vestes;

432 2372 489 2426 Sed
506 2372 620 2439 stirpem
638 2372 735 2425 Teucri
752 2372 826 2425 nullo
844 2372 1001 2426 discrimine
1020 2387 1126 2425 sacrum
1249 2384 1286 2425 rm

432 2447 613 2514 sustulerant,
630 2463 699 2515 pure
717 2450 749 2500 ut
766 2451 880 2516 possent
897 2464 1060 2502 concurrere
1078 2457 1180 2516 campe.

433 2524 488 2576 Ilio
505 2521 584 2576 hasta
602 2523 715 2576 Aeneae
732 2523 840 2589 stabat3
857 2522 911 2577 huc
929 2524 1048 2592 impetus
1066 2523 1140 2576 illam

433 2599 584 2665 Detulerat,
603 2599 686 2653 fixam
704 2602 733 2654 et
751 2600 826 2654 lenta
843 2600 873 2653 in
892 2599 984 2654 radice
1002 2598 1122 2654 tenebat.

433 2673 562 2727 Incubuit
579 2673 720 2743 voluitque
737 2692 819 2729 manu
836 2676 988 2730 convellere
1004 2676 1107 2729 fenum

433 2748 614 2817 Dardanides,
626 2750 738 2818 teloque
751 2750 837 2819 sequi,
849 2768 932 2820 quem
944 2751 1080 2820 prendere
1092 2766 1174 2805 eursu
1248 2760 1284 2804 770

433 2824 494 2878 Non
512 2829 628 2893 poterat.
664 2826 732 2880 Tum
750 2843 815 2880 vere
833 2843 926 2879 amens
944 2825 1089 2880 formidine
1108 2826 1221 2889 Turnus,

433 2901 534 2969 Faune,
552 2918 655 2969 precer,
673 2902 813 2968 miserere,
831 2902 922 2971 inquit
940 2905 1026 2970 tuque
1047 2904 1160 2969 optuma
1181 2900 1283 2953 ferrum

432 2977 516 3031 Terra
532 2981 604 3044 tene,
623 2977 692 3032 00101
710 2981 818 3031 vestros
836 2978 859 3031 si
878 2993 986 3045 semper
1003 2976 1127 3043 honores,
1220 2991 1224 3010 ¹

432 3054 506 3119 Quos
524 3057 620 3109 centra
637 3053 786 3107 Aeneadae
803 3051 877 3107 belle
894 3052 984 3106 fecere
1001 3052 1135 3121 profanos.

434 3128 518 3196 Dixit,
538 3146 672 3199 opemque
690 3129 735 3182 dei
753 3145 807 3181 000
825 3145 901 3182 cassa
918 3128 947 3180 in
964 3131 1029 3181 vota
1046 3125 1159 3180 vocavit.
1250 3137 1285 3181 700

431 3204 558 3272 Namque
576 3206 624 3259 diu
641 3208 748 3260 1001000
765 3205 895 3271 lentoque
913 3203 941 3256 in
960 3203 1047 3272 stirpe
1065 3203 1186 3255 moratus

432 3274 545 3332 Viribus
561 3280 636 3335 haud
652 3281 716 3334 ullis
733 3280 818 3335 valuit
836 3278 991 3333 discludere
1007 3293 1114 3332 morsus

432 3352 550 3407 Roboris
568 3356 684 3411 Aeneas.
720 3356 792 3411 Dum
810 3356 909 3410 nititur
927 3371 990 3408 acer
1008 3349 1037 3409 et
1054 3354 1147 3421 instat,

433 3428 540 3483 Rursus
557 3430 585 3483 in
603 3433 714 3500 aurigae
731 3434 828 3488 faciem
845 3435 953 3485 mutata
971 3430 1080 3485 Metisci

432 3504 574 3559 Procul-rit
590 3507 725 3577 fratrique
743 3524 839 3563 ensem
855 3508 912 3562 dea
925 3506 1044 3560 Daunia
1054 3504 1165 3557 reddum
1253 3506 1302 3540 '³³³³

427 3580 508 3647 Quod
530 3582 626 3640 Venus
643 3585 747 3641 audaci
764 3585 920 3658 llymplnae
933 3575 1215 3658 'indignes-iffi

415 3657 556 3726 Accessit,
577 3663 732 3735 telumque
751 3664 816 3721 alta
834 3663 875 3719 ab
892 3660 1002 3717 radice
1018 3649 1153 3708 0000111-
