3467 4367
673 640 857 691 Annumos
874 642 943 693 mn.
961 643 1012 694 1x.
1105 692 1111 718 k
1223 647 1271 700 aar

420 716 561 789 [Vertitur
578 737 655 775 arma
671 724 776 791 tenens,
795 726 825 777 et
841 727 902 779 toto
919 726 1021 780 vertice
1039 743 1123 795 supra
1136 727 1204 797 est].

421 796 480 849 Ceu
498 800 604 865 septem
622 814 737 865 surgens
754 800 859 853 sedatis
877 801 1001 855 amnibus
1018 802 1091 856 altus
1247 819 1272 862 55

421 872 476 925 Per
493 874 608 926 tacitum
626 874 743 943 Ganges,
760 879 809 929 aut
826 877 921 944 pingui
939 878 1050 932 flumine
1068 879 1148 933 Nilus

420 948 491 1002 Cum
508 948 600 1003 refluit
618 950 720 1038 campis
737 954 767 1005 et
784 950 838 1005 iam
856 970 886 1005 so
904 954 1027 1008 condidit
1044 955 1128 1009 alveo.

421 1023 477 1077 Hic
495 1024 614 1079 subitam
632 1026 710 1094 nigro
726 1026 873 1095 glomerari
891 1029 1004 1098 pulvere
1021 1030 1122 1084 nubem

421 1100 595 1169 Prospiciunt
612 1102 718 1170 Teucri,
735 1120 767 1156 ac
784 1104 939 1158 tenebras
932 1122 1073 1173 insurgere
1091 1109 1200 1177 campis.

420 1176 530 1230 Primus
547 1178 583 1232 ab
600 1178 716 1232 adversa
732 1179 883 1234 conclamat
898 1182 972 1235 mole
990 1183 1100 1238 Caicus:
1245 1200 1271 1241 55

421 1252 488 1317 Quis
506 1253 610 1321 globus,
629 1255 744 1323 ocives,
761 1256 879 1323 caligine
895 1256 980 1310 volvit
968 1261 1014 1310 tur
1031 1263 1106 1313 atra!

421 1328 505 1383 Ferte
521 1330 570 1384 citi
587 1332 700 1399 ferrum,
718 1331 784 1386 date
801 1333 864 1397 tela
882 1333 1022 1387 ascendite
1039 1351 1141 1391 muros.

422 1404 519 1460 Hostis
536 1407 623 1473 adest,
641 1408 718 1462 heia!
739 1408 849 1476 Ingenti
867 1408 986 1463 clamore
1003 1426 1054 1477 per
1071 1412 1158 1465 omnis

421 1481 550 1537 Gondunt
568 1499 598 1537 se
616 1484 713 1537 Teucri
731 1489 832 1553 portas,
851 1487 881 1539 et
898 1501 1006 1539 moena
1023 1486 1157 1556 conplent.

419 1558 547 1626 Namque
565 1560 605 1612 ita
623 1559 766 1613 discedens
783 1564 963 1629 praeceperat
981 1566 1109 1630 optumus
1126 1566 1269 1620 armiseo

420 1636 542 1688 Aeneas:
562 1635 584 1687 si
603 1652 658 1703 qua
676 1636 782 1689 interea
799 1636 910 1690 fortuna
927 1637 1032 1705 fuisset,

419 1711 445 1763 N
448 1727 483 1764 cu
500 1715 609 1765 struere
626 1712 762 1765 auderent
779 1712 873 1778 aciem,
892 1730 946 1767 neu
963 1715 1077 1769 credere
1093 1732 1188 1786 campo
1197 1734 1204 1783 3
1234 1738 1239 1743 ·

413 1788 516 1841 :Castra
533 1788 615 1842 modo
633 1792 662 1842 et
679 1792 755 1842 tutos
773 1793 916 1842 servarent
934 1806 1035 1857 aggere
1053 1808 1152 1848 muros.

384 1861 387 1865 ’
419 1864 500 1932 Ergo,
520 1865 572 1919 etsi
590 1866 714 1919 conferre
731 1873 842 1918 manum
860 1866 949 1933 pudor
966 1867 1061 1935 iraque
1079 1872 1220 1939 monstrat,

418 1939 559 1995 Obiiciunt
577 1944 670 2010 portas
688 1945 780 1995 tamen
799 1946 828 1995 55
846 1946 992 2010 praecepta
1009 1944 1154 2014 facessunt,
1245 1962 1269 1999 45

419 2018 584 2085 Armatique
602 2009 674 2071 cavis
692 2021 853 2085 exspectant
870 2017 994 2071 turribus
1010 2018 1126 2074 hostem.

417 2094 531 2160 Turnus,
549 2097 581 2146 ut
598 2097 663 2146 ante
680 2094 773 2145 volans
790 2092 900 2146 tardum
918 2098 1104 2161 praecesserat
1120 2099 1229 2163 agmon,⁴

418 2170 526 2235 Viginti
545 2169 624 2222 lectis
642 2168 766 2235 equitum
784 2168 930 2221 comitatus
949 2172 980 2221 55
995 2168 1056 2220 urbi

419 2245 579 2312 Inprovisus
596 2244 690 2308 adest3
708 2243 820 2296 nraculis
838 2260 920 2309 quem
939 2243 1069 2296 Thracius
1086 2244 1155 2298 albis

419 2319 516 2371 Portat
535 2335 628 2385 equus,
648 2318 786 2385 cristaque
805 2318 876 2385 tegit
893 2318 972 2386 galea
989 2334 1072 2371 aurea
1089 2320 1179 2375 rubra
1244 2339 1268 2377 55

418 2394 519 2462 Ecquis
534 2394 596 2456 erit,
611 2410 726 2460 mecum,
740 2392 860 2460 iuvenes,
876 2393 923 2463 qui
941 2394 1045 2462 primus
1060 2394 1089 2447 in
1100 2394 1242 2451 hostem-·
1257 2401 1267 2455 1

417 2471 467 2537 En,
486 2470 532 2524 ait.
569 2470 605 2524 Et
622 2469 741 2523 iaculum
758 2471 920 2538 attorquens
938 2469 1042 2524 emittit
1059 2471 1087 2524 in
1104 2488 1191 2539 auras,

417 2546 584 2616 Principium
602 2562 717 2615 pugnae,
736 2548 766 2599 et
783 2562 879 2614 campo
896 2562 957 2600 sese
974 2546 1077 2599 arduus
1094 2547 1185 2602 infert.

416 2623 544 2677 Clamore
562 2622 702 2691 excipimrt
719 2622 791 2688 socii,
808 2622 976 2689 fremituque
994 2626 1147 2689 sequuntur

418 2700 588 2764 Horrisono;
607 2699 741 2751 Teucrum
759 2698 895 2751 mirantur
912 2696 1012 2751 inertia
1029 2697 1125 2753 corda:
1244 2718 1268 2756 55

389 2789 396 2807 '
417 2776 443 2829 N
445 2793 480 2828 on
498 2792 585 2843 aequo
604 2775 671 2827 dare
688 2791 718 2827 sc
735 2790 838 2841 campo,
855 2790 909 2826 non
927 2774 1007 2827 obvia
1024 2773 1097 2827 ferre

418 2854 505 2906 Arma'
516 2851 596 2920 viros,
610 2851 659 2904 sed
671 2853 760 2903 castra
771 2849 870 2902 fovere.
899 2850 961 2902 Huc
973 2849 1101 2903 turbidus
1115 2853 1199 2919 atquc
1213 2852 1267 2905 huc
1292 2879 1295 2884 ·

416 2930 531 2982 Lustrat
548 2944 619 2996 equo
637 2942 737 2994 muros,
755 2925 917 2992 aditumque
935 2941 985 2993 per
1002 2924 1062 2978 avia
1080 2926 1198 2993 quaerit.

416 3008 459 3058 Ac
477 3004 562 3057 veluti
580 3003 660 3072 pleno
678 3002 759 3071 lupus
776 3000 923 3053 insidiatus
941 3001 1004 3053 ovili

416 3082 484 3135 Oum
503 3080 597 3134 fremit
615 3079 652 3132 ad
669 3078 767 3145 555155,
786 3079 883 3130 ventos
900 3093 1047 3146 perpessus
1065 3080 1095 3131 et
1113 3076 1218 3145 imbris,
1243 3092 1269 3131 55

415 3158 503 3211 Nocte
521 3172 604 3223 super
621 3154 726 3219 media;
744 3154 799 3207 tuti
817 3152 869 3206 sub
886 3153 1021 3206 matribus
1039 3155 1102 3221 agni
1193 3184 1194 3187 =

416 3232 543 3285 Balatum
561 3211 705 3295 excretum
722 3230 768 3283 1115
784 3233 867 3298 'asper
886 3232 915 3283 et
932 3228 1062 3297 inprobus
1080 3230 1120 3283 ira

415 3308 508 3361 Saevit
525 3307 554 3359 in
571 3306 708 3372 absentis;
726 3307 840 3361 collecta
857 3306 956 3373 fatigat
974 3306 1075 3359 edendi

417 3384 460 3436 Ex
478 3381 559 3449 longo
577 3382 674 3450 rabies,
692 3387 721 3437 et
739 3384 827 3437 siccae
844 3383 975 3451 sanguine
991 3384 1097 3436 fauces:

419 3458 505 3513 Haud
523 3457 603 3511 aliter
622 3458 725 3512 Rutulo
742 3474 835 3512 muros
852 3461 883 3512 et
900 3462 991 3514 castra
1007 3458 1103 3513 tuenti

415 3536 565 3603 Igncscunt
582 3534 655 3600 irac3
675 3534 753 3589 duris
771 3534 851 3590 dolor
869 3536 985 3592 ossibus
1001 3535 1101 3598 ardet

406 3613 467 3675 Qua
486 3614 606 3679 temptet
575 3611 736 3668 eratione
755 3613 866 3684 aditus,
884 3618 919 3671 et
938 3629 1017 3685 quae
1032 3610 1089 3664 uia
1104 3606 1228 3658 amusos

392 3684 531 3741 Excutiat
551 3688 679 3746 Teucros
699 3691 780 3749 vallo
797 3696 896 3765 atque
917 3683 1085 3748 effundat
1079 3698 1118 3735 m
1133 3668 1280 3733 &ww
1279 3686 1289 3700 ⁸
