3467 4367
459 624 490 669 20
687 620 717 670 P.
736 620 892 669 VERGILI
910 619 1077 667 MARONIS

457 702 491 755 L.
509 702 581 770 Heu,
598 703 674 758 cadit
690 703 719 758 in
737 711 903 773 quemquam
921 706 1029 759 tantum
1047 702 1153 757 scelus?
1177 702 1240 766 heu,
1261 705 1313 757 tua

525 778 605 832 nobis

459 854 549 909 Paene
568 854 649 909 simul
666 858 758 910 tecum
777 856 874 910 solatia
891 859 978 925 rapta,
997 856 1139 910 Menalca?

459 931 526 995 Quis
537 935 648 985 caneret
660 931 817 1000 Nymphaei
831 932 893 1000 quis
904 932 1017 985 humum
1029 931 1193 985 florentibus
1206 930 1300 985 herbis

458 1007 613 1075 Spargemt,
632 1011 681 1061 aut
699 1006 779 1059 viridi
797 1006 881 1060 fontis
898 1008 1042 1061 induceret
1059 1007 1176 1062 umbrat
1289 1023 1313 1061 ao

458 1083 511 1136 Vel
530 1099 600 1151 quae
618 1082 725 1151 sublegi
743 1082 843 1136 tacitus
861 1082 913 1136 tibi
932 1083 1051 1137 carmina
1069 1100 1163 1151 nuper,

459 1159 528 1213 Cum
545 1161 574 1213 te
593 1158 629 1212 ad
647 1158 759 1212 delicias
777 1158 871 1221 ferres,
893 1159 1070 1228 Amaryllida,
1088 1163 1216 1215 nostrast

459 1236 579 1304 “Tityre,
598 1235 664 1289 dum
682 1235 892 1290 redeo-brevis
912 1240 954 1289 est
971 1236 1130 1305 via-pasce
1148 1237 1273 1305 capellas,

459 1312 496 1367 m
513 1314 720 1381 potumcpastas
737 1328 796 1380 age,
814 1312 915 1380 Tityre,
934 1316 963 1366 et
981 1312 1207 1381 interagendum

459 1388 609 1443 Occursare
626 1404 716 1457 capro,
733 1404 817 1442 cornu
834 1388 899 1441 ferit
918 1388 971 1454 ille,
989 1389 1105 1442 caram?
1288 1405 1312 1443 m

458 1465 501 1519 M.
521 1464 610 1517 Immo
627 1464 701 1530 haec,
720 1481 790 1533 quae
808 1463 884 1517 Varo
901 1464 1018 1517 necdum
1035 1464 1158 1533 perfecta
1180 1464 1311 1519 canebat:

459 1541 563 1607 “Vare,
580 1544 658 1593 tuum
676 1557 783 1608 nomen,
801 1543 913 1609 superet
930 1539 1012 1593 modo
1030 1540 1145 1594 Mantua
1162 1539 1248 1608 nobis,

459 1616 580 1683 Mantua,
598 1633 656 1684 vae,
674 1616 792 1670 miserae
810 1616 923 1670 nimium
940 1617 1028 1671 vicina
1046 1615 1201 1681 Cremonae,

460 1693 611 1747 Cantantes
629 1692 745 1747 sublime
762 1694 854 1746 ferent
872 1692 907 1746 ad
925 1687 1016 1747 sidera
1032 1692 1130 1761 cycni.’'

458 1770 492 1825 L.
512 1770 556 1824 Sic
573 1773 622 1823 tua
640 1769 760 1837 Cyrneas
777 1768 885 1836 fugiant
903 1770 1028 1823 examina
1045 1772 1130 1836 taxos,
1289 1782 1314 1822 ao

459 1845 505 1900 sie
522 1844 608 1913 cytiso
625 1848 721 1914 pastae
738 1844 899 1898 distendant
917 1845 1002 1899 ubera
1021 1861 1125 1913 vaccae,

460 1922 563 1989 Incipe,
581 1922 604 1974 si
623 1919 690 1989 quid
708 1920 800 1974 habes.
839 1921 877 1974 Et
894 1938 939 1975 me
956 1921 1047 1975 fecere
1064 1926 1172 1990 poetam

460 1997 601 2063 Pierides;
619 1999 683 2049 sunt
700 1999 729 2049 et
746 1996 812 2049 mihi
832 1997 968 2062 carmina;
985 2014 1030 2051 me
1049 2014 1157 2066 quoque
1175 1996 1272 2051 dicunt

459 2074 560 2127 Vatem
578 2075 719 2142 pastores;
737 2072 785 2125 sed
805 2089 858 2126 non
877 2089 928 2141 ego
945 2073 1074 2127 credulus
1093 2073 1154 2128 illis.

459 2150 531 2203 Nam
548 2165 638 2217 neque
655 2148 745 2202 adhuc
764 2148 848 2201 Vario
867 2148 968 2215 videor,
987 2166 1037 2203 nec
1056 2149 1147 2202 dicere
1166 2149 1253 2203 Cinna
1288 2164 1312 2205 ³5

460 2224 556 2294 Digna,
574 2226 624 2279 sed
641 2228 753 2294 argutos
770 2225 843 2278 inter
860 2228 985 2295 strepere
1002 2242 1082 2278 anser
1099 2225 1193 2279 olores.

459 2302 502 2355 M.
520 2302 555 2356 ld
573 2302 684 2371 quidem
702 2317 754 2369 ago
771 2303 801 2355 et
818 2301 927 2366 tacitus,
948 2301 1055 2370 Lycida,
1073 2318 1179 2355 mecum
1197 2304 1256 2372 ipse

529 2378 629 2441 voluto,

460 2453 490 2509 Si
507 2455 611 2507 valeam
629 2453 801 2519 meminisse;
818 2469 907 2522 neque
925 2458 967 2508 est
984 2454 1103 2522 ignobile
1121 2471 1237 2509 carmen.

461 2530 546 2584 “Huc
562 2529 636 2596 ades,
655 2546 671 2583 o
692 2530 823 2595 Galatea;
840 2531 902 2599 quie
920 2533 963 2583 est
980 2531 1143 2661 narffiludus
1161 2532 1189 2584 in
1211 2531 1313 2587 undis?

461 2606 517 2660 Hic
534 2622 582 2659 var
599 2621 773 2673 purpureum,
791 2607 880 2660 varios
898 2606 942 2660 hic
959 2606 1024 2660 flum
1053 2625 1070 2661 a
1087 2609 1188 2662 circum
1289 2623 1314 2662 so

461 2682 565 2736 Fundit
583 2682 681 2746 humus
698 2683 785 2747 flores,
803 2683 846 2736 hic
863 2682 980 2737 candida
997 2685 1112 2753 populus
1130 2695 1208 2738 antro

461 2758 598 2824 Imminet,
617 2763 647 2812 et
664 2759 754 2813 lentae
772 2762 871 2813 texunt
888 2759 1047 2814 umbracula
1065 2761 1153 2826 rites3

461 2834 525 2888 Huc
543 2835 628 2900 ades;
646 2834 733 2888 insani
752 2835 852 2889 feriant
870 2836 928 2889 sine
946 2835 1027 2890 litora
1045 2837 1167 2891 fluctus.''

460 2910 493 2964 L.
513 2911 593 2979 Quid,
612 2927 682 2979 quae
700 2915 729 2965 te
747 2928 816 2981 pura
835 2911 922 2965 solum
941 2912 992 2966 sub
1010 2917 1092 2967 nocte
1110 2916 1252 2968 canentem

462 2987 633 3041 Audieramt
652 3004 779 3041 numeros
799 2988 917 3055 memini,
940 2989 963 3041 si
981 2989 1066 3043 verba
1084 2995 1214 3044 tenerem.
1291 3006 1315 3044 ss

463 3062 502 3115 M.
521 3064 660 3132 “Daphni‚
680 3065 749 3133 quid
766 3066 893 3132 antiquos
912 3066 1050 3133 signorum
1068 3069 1182 3137 suspicis
1199 3070 1297 3123 ortus?

462 3138 531 3194 Ecce
550 3140 663 3194 Dionaei
682 3142 816 3211 processit
835 3141 959 3194 Caesaris
978 3146 1090 3211 astrum,

463 3217 586 3284 Astrum,
605 3234 659 3286 quo
680 3221 788 3286 segetes
804 3218 959 3286 gauderent
975 3217 1110 3287 frugibus,
1128 3223 1157 3273 et
1175 3235 1229 3287 quo

462 3290 584 3347 Duceret
601 3295 700 3363 apricis
718 3296 745 3347 in
764 3295 877 3349 collibus
895 3311 947 3347 uva
965 3296 1090 3350 colorem.
1165 3340 1170 3349 .

463 3367 566 3437 insere,
586 3370 703 3439 Daphni,
720 3372 813 3440 pir0s3
832 3374 945 3439 carpent
963 3376 1011 3425 tua
1028 3389 1108 3441 poma
1125 3374 1262 3439 nepotes.”
1292 3386 1316 3425 50

461 3443 559 3496 Omnia
575 3446 631 3499 fert
649 3452 733 3516 aetas,
752 3448 874 3501 animum
893 3465 1017 3519 quoque:
1036 3466 1117 3517 saepe
1135 3466 1186 3516 ego
1204 3448 1299 3515 longos

444 3514 593 3575 cantando
607 3541 733 3591 puerum
753 3525 868 3581 memini
888 3544 934 3581 me
953 3526 1077 3581 condere
1090 3526 1184 3579 sotus:

422 3580 514 3639 Nune
532 3594 626 3651 oblita
645 3601 719 3656 mihi
741 3608 786 3660 tot
807 3605 960 3673 carmina;
976 3621 1034 3657 uox
1052 3614 1170 3671 quoque
1180 3591 1309 3645 moerim

427 3668 480 3709 ‘²¹¹²
496 3662 579 3733 ⁶13!ss
597 3673 666 3743 ipsa
676 3700 687 3745 ,·
708 3681 772 3754 lupi
794 3684 931 3740 Moerim
948 3681 1056 3737 videre
1074 3676 1200 3745 priores.
