3467 4367
478 617 507 659 48
704 611 733 658 l’.
757 610 905 658 VERGILI
923 611 1088 662 MARONIS

480 698 612 751 Versibus
629 698 772 765 incomptis
791 695 890 751 ludunt
910 698 1021 765 risuque
1039 699 1136 766 soluto,

477 773 588 843 Oraque
605 773 753 827 corticibus
771 779 882 828 sumunt
899 774 1036 829 horrenda
1053 776 1162 846 cavatis,

478 851 515 903 Et
533 854 569 916 te,
589 850 703 918 Bacche,
721 853 819 904 vocant
837 867 888 920 por
906 851 1026 904 carmina
1045 851 1126 921 laeta,
1144 854 1253 923 tibique

480 925 581 980 Osoilla
599 944 634 979 ex
652 925 708 979 alta
726 926 897 995 suspendunt
914 926 1006 979 mollia
1024 927 1096 996 pinu.

479 1003 551 1056 Hinc
572 1003 659 1056 omnis
677 1003 753 1071 largo
771 1003 896 1072 pubescit
914 1004 992 1056 vinea
1010 1003 1076 1071 fetu,
1300 1020 1336 1061 aaa

478 1077 647 1147 Conplentur
666 1079 806 1147 vallesque
824 1095 907 1132 cavae
926 1078 1065 1147 saltusque
1082 1080 1222 1149 profundi,

479 1155 515 1209 Et
534 1170 706 1223 quocumque
725 1154 793 1208 deus
812 1155 913 1208 circum
932 1158 1013 1223 caput
1031 1159 1089 1222 egit
1106 1155 1259 1212 honestum.
1272 1177 1284 1191 ⁸

479 1232 552 1299 Ergo
569 1232 623 1283 rite
641 1246 719 1283 suum
738 1230 845 1284 Baccho
863 1230 985 1284 dicemus
1003 1229 1132 1284 honorem

479 1306 651 1360 Canninihus
668 1306 765 1375 patriis
782 1305 930 1374 lancesque
948 1310 977 1359 et
993 1306 1049 1359 liba
1066 1306 1193 1375 feremus,

480 1382 517 1435 Et
535 1382 634 1435 ductus
651 1398 734 1435 cornu
753 1381 838 1435 stabit
856 1397 933 1434 sacer
949 1381 1040 1435 hircus
1056 1381 1093 1436 ad
1110 1399 1194 1451 aram,
1300 1399 1336 1439 us

479 1457 649 1526 Pinguiaque
667 1457 695 1510 in
713 1457 823 1510 veribus
840 1456 1007 1511 torrebimus
1025 1462 1090 1512 exta
1106 1457 1232 1512 columis

514 1534 565 1586 llst
582 1534 663 1586 etiam
681 1534 728 1586 illc
745 1532 823 1585 labor
840 1533 968 1586 curandis
985 1533 1087 1588 vitibus
1104 1534 1183 1602 alter,

480 1608 530 1662 Cui
548 1625 694 1675 numquam
713 1608 839 1661 exhausti
858 1608 925 1661 satis
943 1612 1003 1664 est:
1022 1625 1140 1680 namque
1162 1626 1245 1666 omne
1266 1621 1336 1683 quot

547 1701 624 1737 anms

479 1761 586 1829 'larque
598 1763 751 1828 quaterque
765 1760 851 1813 solum
863 1760 1051 1830 scindendum,
1063 1762 1217 1831 glaebaque
1230 1765 1319 1819 versis

480 1839 632 1890 Aeternum
650 1836 802 1903 frangenda
820 1835 993 1902 bidentibus3
1011 1854 1091 1891 omne
1108 1838 1256 1894 levandum
1292 1856 1330 1894 seo

481 1913 589 1966 Fronde
607 1928 710 1966 nemus.
748 1911 835 1965 Redit
852 1912 978 1979 agricolis
996 1913 1073 1967 labor
1090 1918 1166 1968 actus
1184 1915 1212 1968 in
1231 1916 1335 1981 erboni,

480 1991 575 2058 Atque
593 1989 620 2042 in
640 2006 669 2043 sc
687 2006 736 2043 sua
752 2006 803 2058 per
821 1988 937 2056 vestigia
954 1990 1072 2043 velvitur
1089 2007 1185 2046 annus.

481 2068 524 2119 Ac
542 2066 595 2119 iarn
613 2065 677 2119 elim
696 2082 771 2119 seras
789 2065 881 2134 posuit
899 2082 960 2118 eum
979 2066 1058 2121 vinea
1075 2067 1186 2121 frondes

451 2188 454 2194 .
481 2141 607 2211 Frigidus
625 2146 654 2196 et
672 2142 746 2195 silvis
763 2140 855 2210 aquile
874 2142 995 2195 decussit
1012 2141 1149 2210 honorem,

480 2218 540 2271 Iam
552 2221 610 2271 tum
623 2235 686 2272 acer
698 2234 777 2271 curas
789 2217 944 2271 venientem
957 2218 1083 2272 extendit
1094 2218 1122 2271 in
1134 2235 1237 2274 annum
1292 2235 1330 2276 los

481 2294 617 2363 Rusticus,
636 2299 665 2349 ct
683 2311 766 2356 curvo
785 2293 896 2347 Saturni
915 2293 1000 2347 dente
1019 2295 1139 2348 relictam

480 2370 659 2438 Persequitur
675 2370 760 2424 vitem
778 2369 925 2424 attondens
943 2369 1077 2439 fingitque
1095 2371 1224 2439 putando.

479 2448 587 2501 Primus
605 2448 718 2500 humum
736 2446 831 2514 sedito,
849 2446 953 2515 primus
972 2446 1085 2501 devecta
1101 2451 1222 2502 cremato

480 2524 630 2590 Sarmenta
649 2526 678 2576 ct
696 2522 780 2577 vallos
797 2522 901 2591 primus
920 2523 971 2575 sub
989 2527 1063 2577 tecta
1080 2523 1198 2589 relerto;

481 2600 638 2652 Postremus
656 2597 759 2651 metito¹
796 2598 844 2651 Bis
863 2598 964 2651 vitibus
983 2599 1085 2667 ingruit
1102 2598 1214 2666 umbra;
1298 2615 1335 2655 uo

480 2667 528 2729 Bis
547 2677 668 2741 segetem
686 2673 777 2727 densis
795 2673 936 2729 obducunt
954 2674 1077 2728 sentibus
1094 2674 1210 2741 herbae;

480 2750 572 2803 Durus
590 2753 707 2818 uterque
725 2750 814 2804 labor:
832 2749 943 2805 laudato
961 2752 1083 2819 ingentia
1101 2753 1172 2820 rura}

481 2827 618 2895 Exiguum
636 2827 724 2880 colito.
760 2827 892 2880 Necnon
910 2828 994 2881 etiarn
1012 2844 1109 2896 aspera
1126 2827 1197 2882 rusci

481 2903 591 2956 Vimina
608 2919 658 2971 per
676 2903 778 2971 silvam,
797 2907 827 2958 et
845 2904 912 2972 ripis
930 2903 1043 2956 fluvialis
1060 2902 1165 2957 arundo

481 2980 620 3048 Caeditur,
638 2980 788 3049 incultique
806 2984 917 3035 exercet
935 2996 999 3033 cura
1017 2979 1111 3034 salicti.
1299 2996 1337 3037 sis

380 3089 385 3099 ·
482 3057 541 3110 Iam
559 3056 666 3110 vinctae
681 3058 761 3125 vites,
780 3058 834 3111 iam
851 3057 948 3110 falcem
966 3055 1081 3109 arbusta
1098 3060 1242 3124 reponunt,

481 3133 541 3186 lam
558 3133 631 3187 canit
648 3134 759 3188 effectos
778 3138 917 3187 extremus
935 3133 1146 3190 vinitorantes:

481 3209 657 3263 sollicitanda
675 3214 766 3264 tamen
785 3210 874 3274 tellus,
893 3208 1037 3278 pulvisque
1055 3206 1212 3275 movendus,

481 3284 588 3339 Etiam
606 3287 722 3339 maturis
740 3285 905 3339 metuendus
924 3284 1051 3355 Iuppiter
1070 3284 1137 3337 uvis.

516 3362 618 3416 Contra
635 3378 689 3414 non
707 3362 763 3414 nlla
780 3365 823 3415 cst
840 3361 907 3415 oleis
925 3362 1047 3427 cultura3
1065 3376 1154 3430 neque
1172 3359 1234 3415 illae
1301 3377 1337 3415 rao

483 3438 645 3491 Procurvam
664 3439 825 3505 exspectant
842 3437 939 3491 falcem
956 3443 1114 3507 rastrosque
1132 3438 1241 3505 tenacis,

465 3511 535 3564 Cum
552 3513 645 3567 semel
660 3513 817 3570 haeserunt
835 3514 912 3570 arvis
932 3531 1070 3581 amesque
1085 3512 1232 3573 tullerunt,

445 3583 517 3646 Ilm
534 3588 611 3642 satis
630 3590 727 3663 tellus,
749 3604 821 3650 cum'
837 3594 930 3650 dente
949 3589 1110 3646 recluditur
1127 3600 1213 3646 uncos

427 3651 546 3711 Sufficit
564 3662 725 3727 humorem
749 3677 785 3729 et
802 3672 953 3744 gravidae
973 3683 1042 3721 cum
1060 3672 1179 3715 vomere
1194 3655 1317 3716 irenen
