3467 4367
451 603 497 652 162
680 604 711 655 Ρ.
729 603 886 654 VERGILI
904 602 1071 653 MARONIS

450 679 505 734 Seu
523 680 607 734 crudo
625 681 688 735 fidit
704 700 824 751 pugnam
841 682 1014 738 committere
1032 684 1134 750 caestu,

450 755 548 811 cuncti
566 756 666 822 adsint,
683 760 856 825 meritaeque
874 761 1036 827 exspectent
1054 759 1176 827 praemia
1192 758 1306 829 palmae

448 830 504 885 Ore
521 832 611 886 favete
629 848 731 900 omnes,
748 835 778 886 et
795 833 898 901 cingite
916 836 1041 903 tempera
1058 834 1150 889 ramis.
1167 889 1170 895 ,
1283 848 1307 890 ⁷1

483 908 528 963 sic
543 908 618 962 fatus
635 908 709 963 velat
727 912 853 963 materna
870 906 997 977 tempora
1014 913 1111 978 myrto.

449 984 510 1039 Hoc
529 984 662 1053 Helymus
679 984 752 1051 facit,
772 984 824 1039 hec
841 985 901 1040 aevi
920 988 1044 1045 maturus
1062 987 1187 1054 Acestes,

448 1061 510 1116 Hoc
527 1078 597 1131 puer
615 1062 756 1129 Ascanius,
776 1061 903 1131 sequitur
922 1077 991 1129 ques
1009 1067 1101 1117 cetera
1118 1062 1212 1131 pubes.

436 1133 502 1208 'Ille
519 1153 535 1191 e
552 1137 664 1192 coneilio
683 1137 777 1192 multis
795 1154 858 1192 cum
877 1137 987 1191 milibus
1004 1138 1064 1192 ibat
1182 1182 1186 1190 .
1283 1154 1307 1195 rs

450 1214 497 1267 Ad
513 1214 658 1281 tumulum,
676 1230 776 1282 magna
792 1214 900 1268 medius
918 1213 1067 1269 eomitante
1084 1218 1202 1270 caterva

449 1290 503 1344 Hic
521 1292 575 1345 due
592 1291 647 1346 rite
664 1307 740 1345 mere
757 1291 846 1345 libans
864 1290 1002 1345 carchesia
1020 1291 1128 1345 Bacche

448 1366 552 1422 Fundit
569 1367 653 1436 humi,
672 1369 726 1422 due
743 1368 815 1422 lacte
832 1383 911 1434 nove,
931 1366 984 1421 duo
1003 1368 1134 1435 sauguine
1152 1382 1238 1436 sacro,

448 1443 659 1514 Purpureusque
676 1444 742 1499 iacit
759 1444 847 1512 fleres,
865 1459 898 1498 ac
916 1443 982 1497 talia
998 1443 1087 1497 fatur:

448 1520 535 1587 Salve,
554 1526 646 1575 sancte
663 1537 771 1590 parens,
789 1520 905 1574 iterum:
923 1518 1033 1586 salvete,
1051 1518 1156 1587 recepti
1281 1534 1307 1571 se

448 1597 621 1667 Nequiquam
638 1598 752 1666 eineres,
768 1596 929 1664 animaeque
946 1595 1115 1664 umbraeque
1132 1598 1271 1663 paternae.

447 1672 511 1727 Non
528 1674 604 1727 licuit
622 1673 684 1727 finis
703 1673 788 1727 Italos
807 1672 956 1741 fataliaque
973 1688 1045 1738 arva,

447 1748 475 1802 N
477 1766 508 1803 ec
519 1751 611 1803 tecum
620 1750 779 1815 Armenium,
789 1748 954 1817 quicumque
966 1751 1017 1816 est,
1027 1762 1159 1815 quaerere
1169 1746 1306 1816 Thybrim·

448 1824 564 1879 Dixerat
580 1825 655 1890 haee,
673 1824 762 1893 adytis
779 1841 841 1878 cum
857 1823 978 1892 lubricus
996 1824 1092 1891 anguis
1109 1822 1145 1876 ab
1162 1823 1226 1879 imis

448 1900 560 1970 Septem
576 1902 673 1969 ingens
689 1917 777 1969 gyros,
796 1904 909 1968 septena
927 1900 1064 1954 volumina
1081 1898 1176 1966 traxit,
1280 1906 1306 1947 ss

448 1977 602 2047 Amplexus
619 1977 726 2045 placide
744 1976 881 2030 tumulum
899 1977 1047 2046 lapsusque
1064 1993 1116 2045 per
1132 1992 1201 2044 aras,

448 2052 596 2108 (laeruleae
613 2054 656 2108 eui
673 2056 754 2121 terga
771 2055 853 2107 notae
871 2053 1023 2108 maculosus
1042 2055 1071 2107 et
1088 2068 1155 2113 auro

448 2129 595 2199 squamam
613 2130 778 2184 incendebat
795 2129 893 2198 fulgor,
911 2146 962 2183 ceu
979 2128 1098 2183 nubibus
1115 2144 1195 2182 arcus

448 2206 525 2261 Mille
541 2206 607 2260 iacit
625 2207 714 2261 varies
732 2207 848 2260 adverso
867 2205 924 2260 sele
942 2206 1052 2259 celeres.

448 2281 590 2352 Obstipuit
607 2283 667 2336 visu
685 2284 802 2337 Aeneas.
841 2283 894 2337 Ille
912 2282 1020 2351 agmine
1038 2281 1118 2347 lengo
1216 2321 1220 2330 ,
1281 2292 1308 2334 se

448 2358 569 2413 'landem
586 2360 660 2412 inter
676 2361 787 2427 pateras
804 2361 833 2412 et
850 2359 921 2412 levia
937 2358 1035 2428 pocula
1053 2372 1166 2425 serpens

449 2435 613 2502 Libavitque
632 2434 724 2503 dapes,
743 2450 893 2501 rursusque
911 2435 1037 2489 innoxius
1054 2433 1109 2487 imo

448 2510 585 2565 Successit
602 2509 716 2576 tumulo,
734 2512 764 2562 et
782 2508 897 2576 depasta
914 2510 1012 2564 altaria
1031 2508 1119 2577 liquit.

450 2586 511 2639 Hoc
528 2584 615 2651 magis
632 2584 755 2650 inceptos
773 2585 892 2651 genitori
910 2586 1047 2640 instaurat
1064 2584 1188 2653 honores,

449 2662 584 2727 Incertus,
603 2659 754 2713 Geniumne
772 2660 823 2713 loci
840 2660 1008 2715 famulumne
1025 2660 1148 2730 parentis
1281 2676 1307 2715 as

448 2738 517 2792 Esse
534 2739 629 2806 putet3
646 2736 738 2791 caedit
756 2737 834 2791 binas
852 2738 888 2792 de
905 2754 981 2791 mere
998 2736 1127 2804 bidentis,

448 2814 556 2883 'l'etque
573 2829 643 2877 sues,
661 2813 777 2867 tetidem
794 2813 928 2883 nigrantis
945 2816 1025 2881 terga
1041 2813 1183 2878 iuvencos;

448 2890 576 2959 Vinaque
593 2889 728 2943 fundebat
744 2891 855 2960 pateris,
875 2890 1048 2957 animamque
1066 2889 1182 2943 vocabat

449 2967 587 3023 Anchisae
605 2967 695 3035 magni
715 2967 858 3037 Manisque
879 2966 1038 3021 Acheronte
1056 2965 1190 3020 remissos

449 3044 509 3099 Nee
526 3059 580 3096 non
598 3047 627 3097 et
644 3044 715 3110 socii,
734 3060 805 3112 quae
822 3043 922 3112 cuique
941 3046 983 3096 est
1003 3041 1088 3118 eopia,
1107 3041 1172 3096 laeti
1271 3054 1307 3093 ιω

449 3119 529 3173 Dona
545 3119 644 3188 ferunt,
664 3123 779 3175 onerant
797 3137 867 3188 aras,
885 3121 1063 3186 mactantque
1083 3118 1225 3183 iuvencos;

449 3195 553 3250 Ordine
570 3213 640 3251 aena
657 3196 747 3252 locant
764 3198 816 3262 alii,
834 3196 943 3265 fusique
961 3211 1011 3264 per
1029 3193 1142 3248 herbam

449 3272 603 3327 subiiciunt
621 3272 731 3328 veribus
749 3289 850 3342 prunas
869 3274 899 3325 et
917 3271 1020 3325 viscera
1039 3272 1155 3324 terrent.

485 3350 652 3418 Exspectata
668 3348 727 3403 dies
744 3348 841 3402 aderat
858 3363 1013 3416 nonamque
1031 3362 1128 3401 serena

449 3427 586 3480 Auroram
605 3424 785 3479 Phaethontis
802 3423 866 3493 equi
883 3424 938 3477 iam
956 3424 1016 3477 luce
1034 3422 1178 3490 vehebant,
1271 3432 1307 3474 ιω

431 3500 581 3569 Famaque
598 3501 734 3557 finitimos
752 3505 783 3558 et
801 3500 869 3557 clari
886 3516 988 3557 nomeu
1007 3500 1125 3554 Acestae

413 3568 571 3639 Exeiema
589 3576 669 3633 laeto
688 3580 867 3653 conplebant
885 3580 974 3636 litora
989 3578 1083 3644 coetu,

406 3637 509 3698 V1'11117'
525 3652 698 3730 Aeneadas,
715 3678 793 3733 pars
810 3664 845 3719 et
866 3663 985 3719 certare
1002 3652 1113 3730 parati.
