3467 4367
688 629 892 678 GEORGICON
915 630 984 679 LIB.
1009 629 1046 680 11.
1273 634 1301 679 51

444 706 502 762 llio
519 709 592 778 petit
610 709 738 763 exscidiis
756 710 1043 780 urbem-miserosque
1062 710 1182 779 Penatis,
1268 726 1304 764 soe

443 782 487 840 Ut
503 802 613 853 gemma
630 785 709 840 bibat
728 789 758 840 et
776 787 893 840 Samene
913 787 1033 840 dormiat
1051 790 1144 851 ostro;

444 860 549 916 (londit
565 878 631 931 opes
649 862 726 927 alius,
744 862 908 932 defossoque
925 863 1036 917 incubat
1053 879 1135 929 auro;

444 937 501 991 Hic
518 941 614 1007 stupet
630 939 764 992 attonitus
783 938 907 1004 Rostris;
925 939 997 993 hunc
1014 940 1125 1008 plausus
1142 940 1263 995 hiantem

444 1014 502 1069 Per
518 1032 619 1070 cuneos
635 1016 792 1084 geminatus
810 1016 882 1069 enim
901 1016 1043 1086 plebisque
1062 1021 1229 1087 patrumque

445 1092 599 1162 Corripuit3
619 1093 742 1161 gaudent
758 1091 864 1162 pertusi
882 1094 1015 1160 sanguine
1033 1095 1157 1158 fratrum,
1268 1111 1304 1149 mo

444 1168 604 1238 ExsiIquue
621 1169 717 1223 domos
735 1173 764 1223 et
782 1169 872 1222 dulcia
890 1168 981 1223 limina
998 1173 1114 1238 mutant,

444 1247 543 1314 Atque
560 1246 614 1319 alio
631 1246 748 1314 patriam
767 1248 903 1313 quaerunt
921 1245 973 1299 sub
991 1246 1048 1299 sole
1066 1246 1209 1300 iacentem.

445 1321 577 1389 Agricola
593 1322 705 1375 incurvo
722 1326 825 1375 terram
844 1321 959 1374 dimovit
976 1326 1084 1376 aratro:

445 1397 521 1451 Hinc
538 1397 603 1451 anni
620 1397 704 1464 labor,
722 1397 785 1450 hinc
801 1398 920 1465 patriam
938 1414 1091 1467 parvosque
1110 1398 1223 1453 Penatis

445 1473 575 1538 Sustinet,
593 1473 657 1527 hino
674 1473 899 1545 armentaboum
917 1475 1086 1543 meritosque
1104 1474 1240 1529 iuvencos.
1266 1490 1302 1529 sis

444 1550 505 1605 Nee
523 1550 640 1620 requies,
659 1550 726 1619 quin
743 1554 791 1604 aut
808 1551 897 1618 pomis
916 1551 1049 1604 exuberet
1067 1550 1163 1619 annus,

445 1629 506 1681 Ant
523 1626 583 1681 fetu
600 1643 738 1697 pecorum,
755 1630 804 1680 aut
822 1626 944 1681 Cerealis
962 1628 1080 1696 mergite
1097 1628 1184 1696 culmi,

445 1703 641 1771 Proventuque
659 1708 755 1757 oneret
773 1702 861 1756 sulcos
879 1707 964 1773 atque
981 1704 1080 1758 horrea
1097 1704 1192 1759 vincat.

445 1778 533 1834 Venit
550 1778 664 1848 hiemps,
683 1779 784 1833 teritur
803 1779 928 1848 Sicyonia
944 1779 1013 1834 baca
1031 1781 1155 1850 trapetis,

445 1854 554 1909 Glande
572 1871 634 1909 sues
652 1855 717 1909 laeti
736 1856 861 1924 redeunt,
880 1856 949 1910 dant
966 1856 1066 1910 arbuta
1084 1857 1181 1924 silvae;
1265 1874 1302 1914 sao

445 1931 483 1985 nt
500 1930 589 1985 varios
606 1931 684 2001 ponit
700 1932 773 1985 fetus
792 1935 946 2000 autumnus,
965 1936 993 1987 et
1012 1933 1067 1987 alte

445 2005 524 2061 Mitis
540 2008 568 2061 in
587 2007 686 2077 apricis
703 2008 830 2076 coquitur
847 2008 985 2062 vindemia
1003 2010 1082 2063 saxis.

446 2084 558 2138 Interea
575 2083 670 2138 dulces
687 2084 810 2152 pendent
827 2084 928 2138 circum
947 2086 1038 2139 oscula
1056 2087 1120 2155 nati,

446 2159 530 2215 Casta
546 2160 706 2229 pudicitiam
724 2163 816 2213 servat
834 2160 939 2227 domus,
957 2160 1043 2215 ubam
1061 2179 1157 2217 vaccae

445 2236 548 2289 Lactea
566 2236 725 2302 demittunt,
743 2236 912 2305 pinguesque
930 2238 958 2289 in
976 2237 1100 2304 gramine
1118 2238 1190 2293 laeto
1265 2254 1301 2293 sno

447 2312 526 2366 Inter
544 2329 574 2367 se
591 2312 714 2366 adversis
731 2312 872 2366 luctantur
889 2312 1016 2366 cornibus
1034 2312 1122 2366 haedi.

446 2387 512 2457 Ipse
530 2388 590 2442 dies
608 2388 697 2456 agitat
714 2389 806 2453 festos,
824 2388 956 2457 fissusque
973 2405 1024 2457 per
1041 2388 1161 2458 herbam,

446 2464 524 2533 Ignis
541 2464 589 2518 ubi
606 2465 634 2518 in
652 2464 744 2519 medio
762 2468 792 2517 ot
810 2463 874 2518 socii
891 2467 999 2519 cratera
1016 2470 1155 2534 coronant,

445 2540 492 2609 Te,
510 2540 606 2608 libans,
624 2541 739 2606 Lenaee,
757 2543 844 2608 vocat,
862 2540 1025 2610 pecorisque
1042 2542 1182 2610 magistris

445 2616 556 2671 Velocis
572 2617 653 2672 iaculi
671 2617 820 2670 certamina
836 2617 915 2683 ponit
933 2616 960 2670 in
979 2618 1061 2686 ulmo,

446 2694 621 2763 Gorporaque
639 2693 741 2760 agresti
758 2692 865 2746 nudant
881 2694 1019 2762 praedura
1035 2693 1196 2761 palaestrae.

446 2770 527 2824 Hanc
545 2770 609 2822 olim
627 2773 735 2822 veteres
752 2770 836 2823 vitam
855 2770 964 2823 coluere
983 2770 1084 2839 Sabini,

446 2846 527 2900 Hanc
546 2844 649 2919 Remus
668 2849 696 2899 et
714 2845 807 2913 frater,
826 2845 864 2898 sic
882 2845 962 2899 fortis
981 2845 1093 2899 Etruria
1110 2847 1197 2901 crevit

446 2921 555 2976 Scilicet
565 2925 602 2975 et
619 2938 710 2974 reruni
729 2922 802 2975 faeta
820 2925 862 2975 est
881 2921 1064 2989 pulcherrima
1083 2921 1178 2990 Roma,

446 2998 613 3068 Septemque
630 3014 685 3051 una
703 2997 753 3051 sibi
771 3014 849 3051 muro
867 2998 1050 3052 circumdedit
1069 3015 1151 3052 arces.

446 3075 523 3129 Ante
541 3074 625 3128 etiam
644 3077 782 3142 sceptrum
801 3073 907 3126 Dictaei
926 3074 1006 3141 regis,
1026 3078 1137 3128 etanta
1222 3093 1226 3102 ·

403 3167 405 3178 ·
447 3151 537 3221 Impia
554 3167 637 3221 quarn
655 3151 740 3204 caesis
757 3167 825 3219 gens
843 3154 887 3204 est
905 3150 1015 3219 epulata
1034 3151 1161 3219 iuvencis,

446 3228 557 3281 Aureus
574 3227 643 3281 hano
660 3228 745 3281 vitam
763 3229 791 3282 in
809 3228 893 3281 terris
912 3227 1048 3280 Saturnus
1067 3227 1178 3296 agebat:

446 3304 572 3359 Necdum
590 3304 674 3358 etiarn
693 3305 836 3358 audierant
854 3304 941 3357 inflari
961 3304 1079 3372 classica,
1099 3304 1216 3357 necdum

446 3379 585 3450 Inpositos
604 3382 681 3433 duris
699 3382 833 3450 crepitare
851 3381 994 3435 incudibus
1014 3398 1098 3435 enses.
1267 3395 1303 3433 sse

480 3457 536 3511 Sed
554 3476 603 3512 nos
620 3461 771 3515 inmensum
790 3462 886 3531 spatiis
904 3459 1072 3517 centesimus
1089 3475 1208 3529 aequor,

440 3532 480 3585 Et
487 3534 547 3651 ἔω]
566 3538 675 3604 tempus
693 3554 798 3611 equum
817 3539 961 3599 fumantia
978 3539 1094 3597 soluere
1113 3535 1199 3592 colla.
