3467 4367
726 632 802 681 AEN
805 633 911 681 EIDOS
928 633 997 681 LIB.
1016 631 1066 682 1v.
1274 631 1321 679 145

467 711 523 766 Sed
540 711 604 765 fatis
622 711 727 765 ineerta
744 712 824 778 feror,
843 712 868 766 si
888 712 1016 781 Iuppiter
1032 728 1114 765 unam
1287 725 1324 766 ue

467 788 534 841 Ilsse
551 788 619 841 velit
637 788 724 856 Tyriis
741 788 838 842 urbem
855 788 992 856 Troiaque
1010 788 1149 856 profectis,

466 862 611 916 Misceriue
628 863 727 931 probet
744 864 865 932 populos,
883 867 931 917 aut
948 864 1061 918 foedera
1077 863 1159 932 iungi.

465 939 507 991 Tu
525 939 655 1004 coniunx;
673 938 723 992 tibi
741 940 782 992 fas
799 940 919 993 animum
938 943 1081 1009 temptare·
1092 939 1236 1009 precando.

466 1015 571 1083 Perge5
587 1031 693 1084 sequar.
731 1014 799 1068 'lum
818 1015 856 1069 sic
875 1016 984 1084 excepit
1002 1017 1078 1085 regia
1097 1016 1180 1069 Iuno:
1212 1008 1241 1035 ‘

465 1090 575 1144 Mecum
588 1090 642 1144 erit
652 1089 706 1143 iste
718 1089 804 1144 labor.
841 1090 921 1144 Nunc
940 1108 995 1160 qua
1012 1092 1124 1158 ratione,
1137 1090 1212 1161 quod
1228 1091 1322 1155 instat,

466 1166 585 1221 Confieri
602 1167 694 1235 possit,
712 1166 813 1235 paucis,
832 1167 953 1234 adverte,
973 1168 1083 1221 docebo.
1286 1182 1324 1221 uo

466 1243 605 1296 Venatum
624 1243 735 1297 Aeneas
752 1260 862 1312 unaque
881 1244 1034 1297 miserrima
1053 1244 1124 1297 Dido

466 1319 500 1372 In
518 1336 613 1373 nemus
631 1320 671 1372 ire
689 1323 796 1387 parant,
814 1319 861 1372 ubi
880 1320 982 1387 primos
1000 1319 1135 1372 crastinus
1152 1321 1229 1373 ortus

465 1396 604 1449 Extulerit
621 1394 703 1448 Titan
720 1395 862 1464 radiisque
881 1396 1016 1449 retexerit
1033 1394 1134 1448 orbem.

466 1473 520 1526 His
538 1488 589 1539 ego
607 1472 761 1539 nigrantem
780 1472 928 1526 commixta
945 1471 1078 1541 grandine
1095 1459 1224 1538 nimbum,
1291 1488 1325 1528 12⁰

465 1549 539 1603 Dum
558 1548 699 1617 trepidant
717 1548 784 1616 alae,
802 1548 944 1618 saltusque
962 1548 1092 1615 indagine
1110 1548 1230 1614 cingrmt,

466 1626 592 1694 Desuper
608 1625 758 1692 infundam,
778 1628 807 1679 et
825 1625 931 1693 tonitru
949 1626 1054 1679 caelum
1072 1641 1151 1678 omne
1169 1624 1253 1679 ciebo,

466 1701 618 1784 Diffugient
635 1702 749 1755 comites
767 1705 797 1756 et
813 1696 894 1755 nocte
911 1705 1041 1769 tegentur
1059 1718 1155 1770 opaca:

465 1778 629 1846 Speluncam
648 1777 720 1830 Dido
739 1778 796 1831 dux
815 1782 844 1831 et
862 1777 993 1831 Troianus
1014 1778 1129 1831 eandem

464 1854 625 1909 Devenient.
663 1854 766 1920 Adero,
780 1864 816 1920 et,
827 1866 877 1908 tua
888 1854 912 1906 si
923 1853 990 1906 mihi
1002 1857 1079 1907 certa
1090 1853 1223 1920 veluntas,
1288 1867 1324 1906 ne

465 1930 606 1985 Connubio
623 1931 735 1998 iungam
752 1930 845 1984 stabili
862 1930 1054 1999 propriamque
1072 1929 1176 1983 dicabo.

465 2007 520 2060 Hie
537 2006 703 2075 hymenaeus
721 2007 878 2060 erit-Non
896 2007 1042 2061 adversata
1059 2005 1167 2075 petenti

466 2082 581 2150 Adnuit,
600 2086 684 2150 atque
703 2082 773 2135 dolis
791 2082 853 2135 risit
873 2081 1008 2149 Cytherea
1026 2082 1151 2150 repertis.

504 2159 642 2213 Oceanum
659 2159 766 2211 interea
784 2175 899 2225 surgens
919 2160 1030 2211 Aurora
1047 2158 1165 2226 reliquit.

467 2236 496 2289 lt
515 2235 601 2302 portis
618 2235 714 2288 iubare
733 2237 829 2287 exorto
847 2233 956 2287 delecta
973 2232 1114 2297 iuventus;
1288 2249 1323 2289 leo

467 2310 550 2364 Retia
567 2327 638 2376 rara,
656 2309 762 2378 plagae,
781 2307 837 2361 lato
856 2309 991 2363 venabula
1008 2309 1087 2372 ferro,

466 2386 633 2456 Massylique
650 2390 736 2442 ruunt
753 2385 861 2455 equites
880 2388 909 2438 et
926 2385 1011 2439 odora
1028 2401 1125 2438 canum
1143 2386 1190 2439 vis.

467 2462 601 2531 Reginam
619 2462 738 2517 thalamo
756 2465 931 2516 cunctantem
949 2462 985 2514 ad
1003 2461 1096 2515 limina
1113 2462 1194 2529 primi

468 2539 620 2594 Poenorum
638 2542 807 2608 exspectant,
826 2541 957 2606 ostroque
974 2537 1088 2606 insignis
1107 2541 1136 2591 et
1153 2554 1219 2591 auro

466 2616 529 2671 Stat
547 2617 656 2685 sonipes
673 2633 705 2671 ae
722 2616 801 2669 frena
818 2615 896 2668 ferox
915 2616 1069 2682 spumantia
1087 2613 1200 2667 mandit.
1288 2628 1323 2667 131

466 2691 588 2745 Tandem
607 2693 783 2762 progreditur
800 2707 899 2758 magna
918 2691 1039 2760 stipante
1057 2695 1173 2758 caterva,

466 2768 606 2822 Sidoniam
623 2769 696 2837 picto
714 2768 884 2835 chlamydem
903 2767 1071 2820 circumdata
1088 2765 1181 2819 limbo.

467 2844 519 2899 eui
535 2844 667 2913 pharetra
684 2862 718 2897 ex
737 2860 810 2909 auro,
830 2844 919 2896 crines
937 2842 1074 2895 nodantur
1091 2841 1119 2894 in
1137 2858 1240 2908 aurum,

418 2925 420 2928 '
467 2922 563 2974 Aurea
579 2936 745 2989 purpuream
763 2918 904 2973 subnectit
921 2918 1005 2972 fibula
1024 2920 1137 2972 restem.

466 2996 492 3050 N
495 3014 526 3051 ec
544 3013 598 3050 non
616 2999 645 3050 et
664 2996 775 3065 Phrygii
792 2996 907 3050 comites
925 2998 954 3049 et
972 2995 1060 3049 laetus
1079 2992 1156 3048 Iulus
1288 3008 1324 3047 rso

467 3072 612 3128 Incedunt.
650 3074 714 3142 Ipse
732 3076 798 3127 ante
816 3073 883 3126 alios
900 3071 1099 3141 pulcherrimus
1117 3070 1203 3124 omnis

468 3148 558 3203 Infert
576 3166 606 3202 se
623 3151 724 3203 socium
744 3152 852 3202 Aeneas
872 3152 955 3216 atque
973 3147 1081 3216 agmina
1099 3147 1194 3214 iungIt.

468 3224 562 3289 Qualis
579 3225 627 3278 ubi
644 3226 787 3280 hibernam
806 3225 917 3295 Lyciam
934 3224 1095 3293 Xanthique
1113 3223 1216 3277 fluenta

468 3300 580 3355 Deserit
598 3318 628 3355 ac
648 3302 747 3356 Delum
765 3306 917 3356 maternam
935 3301 1029 3355 invisit
1049 3300 1146 3369 Apollo

468 3377 665 3448 Instauratque
683 3378 786 3447 choros,
804 3379 939 3448 mixtique
957 3377 1055 3430 altaria
1073 3377 1172 3429 circum
1287 3389 1325 3429 145

468 3453 621 3523 areasque
640 3451 817 3524 Dryopesque
834 3455 957 3509 fremunt
974 3453 1103 3524 pictique
1128 3449 1300 3518 nmmum

468 3530 533 3597 lpse
548 3531 619 3598 iugis
638 3532 739 3600 Cynthi
757 3532 899 3605 graditur,
916 3532 1058 3603 mollique
1074 3530 1221 3583 huenteux

458 3604 569 3659 Fronde
583 3609 693 3676 premit
710 3612 820 3668 crinem
840 3613 960 3685 fingens
978 3614 1076 3682 atque
1091 3600 1227 3672 ΨΜ
1242 3596 1336 3640 mm*

448 3677 513 3732 Tela
530 3688 635 3740 sonant
654 3687 804 3749 humeris:
824 3692 989 3751 baudilio
1010 3683 1137 3756 segmen
1153 3673 1229 3729 Μ·
