3467 4367
452 708 457 716 ,
481 652 529 700 aa
714 647 743 696 p.
762 642 916 691 vaaaim
933 641 1098 691 unaoms

482 733 562 785 Nunc
579 729 704 784 iuvenem
723 726 864 795 inparibus
882 724 962 778 video
981 740 1143 778 concurrere
1160 725 1233 796 fatis,

482 809 683 873 Parcarumque
702 804 762 856 dies
781 805 810 855 et
827 802 868 854 vis
885 800 995 853 inimica
1012 801 1184 870 propinquat.
1299 821 1336 861 ιω

481 886 542 938 Non
555 898 675 952 pugnam
688 880 810 947 aspicere
821 877 891 929 hanc
903 876 995 945 oculis,
1008 892 1061 928 non
1074 878 1185 931 foedera
1195 895 1316 947 possum.

481 961 520 1012 'Iu
538 976 588 1028 pro
607 971 736 1025 germano
754 954 777 1006 si
796 954 865 1021 quid
883 954 1055 1021 praesentius
1073 954 1164 1023 audes,

481 1037 583 1103 Pergo3
602 1033 689 1086 decet.
726 1031 830 1083 Forsan
849 1029 963 1083 miseros
982 1030 1096 1083 meliora
1114 1037 1271 1101 sequentur.

481 1113 535 1165 Vix
554 1128 599 1165 ea:
618 1126 680 1162 cum
698 1108 823 1161 lacrimas
842 1108 926 1160 oculis
946 1108 1062 1160 Iuturna
1080 1110 1209 1177 profudit,

480 1189 587 1255 Terque
600 1191 753 1255 quaterque
765 1203 846 1239 manu
859 1191 955 1255 pectus
967 1186 1102 1255 percussit
1114 1187 1272 1259 honestum..
1298 1204 1335 1241 15⁵

480 1266 541 1317 Non
560 1264 679 1318 lacrimis
697 1263 747 1317 hoc
765 1268 886 1333 tempus·
899 1266 939 1317 ait
958 1264 1086 1317 Saturnia
1106 1265 1190 1330 Iuno;
1268 1262 1272 1267 '

480 1342 625 1409 Adcelera,
643 1344 672 1394 et
690 1341 811 1407 fratrem,
830 1340 852 1393 si
872 1341 933 1410 quis
952 1341 1056 1408 modus,
1077 1342 1152 1410 eripe
1170 1340 1269 1405 morti3

480 1418 539 1470 Aut
557 1421 588 1471 tu
607 1417 679 1471 bella
697 1418 746 1486 eie,
765 1421 982 1486 conceptumque
1000 1421 1098 1471 excute
1116 1417 1219 1470 foedus.

480 1496 586 1547 Auctor
604 1511 654 1561 ego
673 1494 799 1547 audendi.
835 1494 881 1547 Sic
900 1494 1044 1547 exhortata
1062 1493 1174 1561 reliquit

481 1569 619 1622 Incertam
637 1574 667 1624 et
684 1570 758 1623 tristi
776 1569 916 1623 turbatam
933 1569 1042 1622 volnere
1060 1570 1165 1623 mentis.
1297 1583 1335 1622 mo

516 1645 626 1699 Interea
644 1662 731 1712 reges,
750 1645 856 1713 ingenti
874 1645 945 1698 mole
964 1644 1078 1697 Latinus

480 1721 649 1787 Quadriiugo
667 1720 777 1773 vehitur
794 1737 885 1787 curru,
904 1721 946 1774 cui
965 1724 1088 1789 tempora
1105 1721 1207 1774 circum
1225 1728 1227 1732 ’

429 1843 435 1856 ,
481 1795 580 1848 Aurati
598 1794 642 1848 bis
660 1812 709 1848 sex
727 1795 797 1848 radii
816 1796 950 1863 fulgentia
968 1796 1089 1865 cingunt,

480 1871 550 1924 Solis
567 1871 610 1924 ari
629 1871 781 1940 specimen;
799 1870 871 1939 bigis
889 1872 912 1925 it
930 1872 1038 1925 Turnus
1055 1872 1085 1924 in
1101 1871 1178 1940 albis,

481 1945 551 2000 Bina
568 1963 650 2000 manu
668 1947 723 2001 lato
742 1946 865 2016 crispans
882 1946 993 2001 hastilia
1009 1948 1090 2001 ferro.
1298 1963 1334 2004 let

482 2023 554 2076 Hinc
571 2027 651 2092 pater
669 2024 788 2090 Aeneas,
806 2023 946 2077 Romanae
964 2024 1057 2092 stirpis
1075 2023 1159 2091 origo,

480 2098 593 2155 Siderea
611 2099 728 2167 flagrans
746 2098 832 2168 clipeo
851 2102 880 2153 et
897 2098 1061 2152 caelestibus
1078 2099 1169 2167 armis,

480 2175 517 2227 Et
534 2175 613 2229 iuxta
632 2176 774 2244 Ascanius,
792 2191 906 2242 magnae
924 2190 987 2243 spes
1004 2174 1091 2229 altera
1109 2174 1220 2243 Romae,

481 2250 638 2304 Procedunt
655 2251 759 2318 castris,
778 2267 901 2319 puraque
919 2251 947 2303 in
965 2253 1042 2304 veste
1060 2250 1186 2305 sacerdos

480 2326 638 2394 Saetigerae
656 2326 744 2379 fetum
763 2326 818 2379 suis
835 2326 1026 2396 intonsamque
1044 2326 1184 2380 bidentem
1298 2335 1335 2384 1'70

376 2445 381 2463 ,
481 2402 595 2469 Attulit,
607 2402 783 2469 admovitque
800 2418 883 2469 pecus
901 2402 1079 2469 flagrantibus
1097 2402 1159 2456 aris.

481 2477 527 2530 Illi
544 2477 581 2530 ad
598 2481 755 2545 surgentem
773 2478 896 2530 conversi
914 2478 1016 2531 lumina
1034 2478 1117 2535 solem

480 2553 555 2606 Dant
572 2553 666 2619 fruges
683 2554 808 2607 manibus
826 2553 919 2621 salsas,
937 2556 967 2607 et
982 2558 1107 2623 tempora
1123 2554 1196 2607 ferro
1271 2572 1286 2579 ·

480 2629 592 2680 Summa
609 2631 706 2681 notant
722 2629 865 2696 pecudum,
883 2629 1041 2697 paterisque
1058 2630 1156 2683 altaria
1172 2629 1269 2685 libant.

480 2704 550 2757 Tum
567 2704 628 2771 pius
647 2707 755 2757 Aeneas
774 2705 871 2760 stricto
891 2705 929 2757 sic
946 2721 1011 2758 ense
1028 2710 1169 2773 precatur:
1298 2723 1333 2762 175

481 2780 547 2833 Esto
566 2796 637 2833 nunc
656 2780 701 2833 Sol
720 2781 800 2833 testis
819 2780 934 2834 ethaeo
951 2781 1018 2833 mihi
1036 2781 1122 2834 Terra
1138 2782 1256 2847 vocanti,

481 2855 568 2919 Quam
587 2859 700 2923 propter
717 2860 808 2909 tantos
826 2856 904 2924 potui
922 2857 1046 2924 perferre
1064 2856 1178 2922 labores,

480 2932 518 2984 Et
537 2932 620 2985 Pater
638 2932 818 3000 omnipotens,
837 2935 866 2985 et
885 2936 917 2985 tu
935 2933 1064 2987 Saturnia
1082 2931 1206 2999 coniunx,

481 3008 541 3061 Iam
559 3008 661 3074 melior,
679 3008 741 3076 iam,
760 3008 830 3078 diva,
848 3025 959 3078 precor3
977 3012 1063 3076 tuque
1080 3008 1182 3062 inclute
1201 3008 1319 3074 Mavors,

390 3122 397 3132 .
481 3084 586 3138 (iuncta
604 3087 653 3137 tuo
671 3086 718 3153 qui
735 3085 814 3153 bella,
833 3089 920 3154 pater,
940 3084 991 3138 sub
1008 3084 1119 3138 numine
1136 3087 1251 3151 torques
1258 3103 1265 3148 ;
1295 3097 1333 3136 iso

481 3162 631 3230 Fontisque
651 3161 815 3229 Fluviosque
833 3178 906 3228 voco,
925 3178 1051 3230 quaeque
1068 3160 1189 3213 aetheris
1206 3159 1255 3212 alti
1335 3175 1338 3179 ’

482 3238 595 3305 Religio,
614 3240 644 3290 et
662 3254 732 3305 quae
750 3237 874 3290 caeruleo
893 3241 957 3291 sunt
975 3236 1086 3289 numina
1103 3238 1200 3302 ponto:

482 3314 602 3366 Cesserit
621 3314 742 3367 Ausonio
760 3314 783 3366 si
801 3313 857 3366 fors
875 3313 990 3367 victoria
1007 3313 1106 3378 Turno,

481 3388 614 3441 Convenit
633 3389 755 3442 Euandri
774 3390 860 3443 victos
879 3389 1022 3442 discedere
1039 3387 1076 3441 ad
1093 3387 1204 3452 urbem3

475 3462 566 3518 Cedet
583 3463 663 3519 iulus
680 3465 769 3535 agris3
787 3481 838 3520 nec
854 3469 919 3536 post
935 3480 1011 3518 arma
1028 3464 1083 3518 ulla
1101 3462 1219 3517 rebelles
1296 3477 1333 3518 mc

455 3540 617 3598 Aeneadae
636 3544 772 3616 reserent,
790 3544 905 3600 ferrove
919 3543 992 3597 llaec
1006 3540 1246 3608 regnatasssaut

440 3616 496 3672 Sia
515 3627 659 3681 nostrum
677 3607 826 3683 adnuerit
844 3622 933 3679 uobis
946 3617 1082 3673 Victoria
1093 3614 1258 3670 masenc-

432 3690 476 3749 Ut
490 3703 603 3765 potius
624 3724 705 3774 reon
730 3710 762 3764 et
781 3705 890 3780 potius
912 3699 945 3754 dl
961 3692 1085 3752 numine
1101 3686 1248 3739 timent—
