3467 4367
716 908 745 957 P.
764 905 915 955 VERGILI
932 902 1096 953 MARONIS

674 1076 1139 1158 AENEIDOS

724 1284 841 1338 LIBER
859 1278 1094 1336 UNDMOIMUS.

856 1444 957 1472 -0—

482 1567 622 1620 Ocnsruns
641 1567 747 1618 interea
766 1579 879 1630 surgens
899 1566 1008 1616 Aurora
1025 1562 1151 1630 reliquit:

483 1644 597 1706 Aeneas,
615 1655 780 1707 quamquam
798 1643 828 1692 et
845 1638 925 1691 sociis
943 1638 1009 1691 dare
1026 1641 1135 1704 tempus
1151 1638 1303 1691 humandis

483 1715 668 1782 Praecipitant
686 1729 775 1779 curae,
795 1712 962 1779 turbataque
979 1712 1076 1765 funere
1093 1727 1172 1767 mens
1190 1716 1242 1779 est,

482 1790 555 1842 Vota
573 1788 655 1841 deum
674 1788 762 1857 primo
781 1788 869 1840 victer
886 1785 1009 1842 solvebat
1027 1787 1090 1841 Eoo.

483 1867 627 1933 Ingentem
647 1879 778 1930 quercum
796 1862 895 1917 decisis
913 1863 1034 1932 undique
1053 1865 1136 1917 ramis
1327 1882 1339 1920 t

483 1941 632 1996 Constituit
650 1940 762 2007 tumulo,
780 1940 968 2009 fulgentiaque
985 1939 1076 1993 induit
1093 1956 1177 2008 arma,

483 2018 601 2072 Mezenti
620 2016 697 2070 ducis
715 2018 835 2084 exuuias,
853 2017 912 2085 tihi,
931 2033 1036 2084 magne,
1055 2020 1205 2084 tropaeum,

483 2094 664 2163 Bellipotens3
691 2096 771 2164 aptat
796 2094 914 2147 rorantis
932 2092 1063 2159 sangiune
1081 2093 1177 2146 cristas

482 2170 600 2237 Telaque
618 2173 715 2223 trunca
733 2170 782 2223 viri
801 2169 891 2223 ethis
909 2187 957 2223 sex
975 2168 1088 2223 thoraca
1104 2170 1223 2237 petitum

483 2246 692 2314 Perfossumquc
710 2246 783 2314 loeis,
802 2247 976 2316 clipeumque
994 2263 1028 2300 ex
1046 2259 1109 2300 aere
1129 2246 1256 2301 sinistrae
1313 2265 1336 2302 re

483 2322 614 2389 subligat,
635 2326 719 2390 atque
737 2340 830 2376 ensem
847 2324 916 2377 collo
935 2323 1078 2391 suspendit
1097 2323 1238 2377 eburnurn.

482 2398 550 2449 Tum
569 2399 661 2466 socios,
681 2415 798 2468 namque
817 2399 904 2452 omnis
923 2416 985 2452 eum
1003 2400 1105 2467 stipata
1122 2399 1237 2465 tegebat

482 2473 574 2527 Turba
592 2474 699 2541 ducum,
719 2475 907 2543 sicincipiens
925 2476 1052 2530 hortatur
1069 2476 1187 2531 ovantis:

483 2549 611 2613 Maxuma
630 2567 674 2603 res
692 2551 796 2617 effecta,
814 2551 883 2616 viri;
901 2551 985 2605 timer
1001 2553 1088 2605 omnis
1106 2551 1209 2620 abesto,

483 2625 562 2691 Quod
575 2631 715 2695 superest;
733 2627 799 2680 haec
812 2632 878 2681 sunt
890 2628 976 2697 spolia
988 2632 1016 2682 ct
1029 2628 1063 2681 de
1075 2645 1140 2700 rege
1152 2630 1273 2697 superbo
1312 2644 1335 2681 1⁵

483 2702 630 2768 Primitiae,
649 2703 830 2771 manibusque
848 2704 918 2757 ineis
937 2704 1088 2757 Mezentius
1107 2703 1150 2757 hic
1168 2709 1218 2758 est.

482 2778 561 2832 Nunc
580 2778 634 2832 iter
653 2780 688 2832 ad
707 2797 799 2847 regem
818 2780 897 2833 nobis
915 2796 1061 2846 murosque
1081 2780 1199 2833 Latinos.

484 2855 569 2908 Arma
587 2856 804 2923 parate-animis,
823 2861 852 2910 et
871 2873 920 2925 spe
937 2855 1104 2923 praesumite
1121 2855 1231 2921 bellum,

482 2932 525 2985 Ne
544 2949 599 3002 qua
616 2950 693 2986 mera
711 2934 826 3000 ignaros,
845 2932 893 2985 ubi
911 2931 1029 2999 primum
1048 2931 1148 2985 vellere
1167 2931 1246 2999 signa

483 3007 640 3063 Adnuerint
659 3010 750 3078 superi
768 3008 925 3077 pubemque
944 3006 1060 3061 educere
1078 3007 1183 3073 castris,
1312 3024 1337 3062 ω

484 3084 618 3152 Inpediat,
638 3086 762 3153 segnisve
780 3087 856 3137 metu
874 3083 1011 3137 sententia
1026 3083 1126 3138 tardet

483 3158 593 3211 interea
612 3162 697 3212 socios
715 3160 910 3225 inhumataque
929 3175 1042 3227 corpora
1060 3163 1151 3213 terrae

482 3232 652 3300 Mandemus,
672 3235 719 3303 qui
738 3235 810 3289 selus
827 3233 913 3287 henos
932 3233 1089 3289 Acheronte
1108 3234 1158 3288 sub
1176 3234 1232 3286 imo
1250 3237 1301 3290 est

483 3309 535 3375 Ite,
554 3309 598 3372 ait
618 3311 742 3377 egregias
760 3310 872 3376 animas,
891 3326 963 3378 quae
982 3310 1114 3378 sanguine
1131 3308 1209 3361 nobis

478 3382 562 3437 Hane
575 3387 696 3455 patriam
714 3401 848 3456 peperere
867 3402 924 3454 suo,
943 3385 1072 3439 decorate
1092 3384 1225 3452 supremis
1312 3397 1338 3440 ὅ

464 3460 644 3533 Muneribus,
664 3467 863 3534 maestamque
880 3461 1009 3516 huenen
1022 3460 1129 3529 primus
1143 3458 1183 3510 eh
1192 3458 1294 3513 nahem

366 3569 369 3608 g
453 3537 600 3600 Miratur
622 3545 728 3614 Pallas,
749 3559 841 3617 quern
860 3557 921 3594 nen
937 3535 1055 3591 uirtutis
1071 3535 1201 3599 egentem

366 3613 367 3618 ἵ
445 3616 589 3681 Abstulit
610 3630 680 3706 atqu
701 3626 772 3685 dies
794 3625 827 3678 et
845 3620 956 3675 {tmere
972 3607 1079 3665 mersit
1092 3599 1204 3656 acerne.
