3467 4367
408 597 410 600 ⁵
464 635 512 686 aon
696 632 727 682 P.
745 618 900 681 vunnim
916 632 1083 681 mancius

460 714 623 771 Concretam
640 713 742 767 exemit
758 712 856 780 labem,
874 728 1030 781 purumque
1048 712 1179 781 relinquit

460 791 623 847 Aetherium
641 807 750 843 sensum
768 793 852 858 atque
870 789 946 842 aurai
965 789 1094 858 simplicis
1111 790 1211 857 ignem.

461 868 521 922 Has
538 867 633 935 omnis,
650 865 698 919 ubi
716 865 790 918 mille
808 870 898 920 rotam
916 866 1026 919 volvere
1045 884 1095 936 per
1113 882 1205 933 annos,

459 943 611 997 Lethaeum
629 942 665 995 ad
682 941 793 995 fluvium
812 942 881 996 deus
899 947 994 997 evocat
1013 943 1121 1011 agmine
1139 956 1246 1010 magno,

459 1019 568 1073 Scilicet
584 1019 747 1072 inmemores
765 1035 865 1088 supera
882 1023 915 1073 ut
933 1035 1054 1073 convexa
1072 1019 1193 1073 revisant
1280 1031 1318 1073 7⁵0

460 1095 565 1149 Rursus
583 1099 612 1149 et
629 1094 760 1163 incipiant
777 1094 806 1147 in
824 1112 938 1164 corpora
955 1096 1025 1149 velle
1043 1096 1192 1167 reverti><
1260 1121 1279 1190 q
1377 1127 1381 1186 4

494 1172 609 1225 Dixerat
628 1171 769 1238 Anchises,
787 1176 940 1242 natumque
958 1188 1067 1241 unaque
1086 1170 1216 1241 Sibyllam
1256 1148 1339 1258 οἱ
1351 1211 1381 1230 ,s

459 1247 616 1301 Conventus
633 1246 720 1301 trahit
737 1248 765 1300 in
784 1248 889 1302 medios
907 1247 1072 1317 turbamque
1091 1253 1240 1316 sonantem,

459 1323 496 1377 Et
513 1322 649 1398 tumulum
667 1324 749 1393 capit,
767 1324 841 1380 unde
859 1324 948 1379 omnis
964 1324 1045 1393 longo
1064 1324 1160 1379 ordine
1176 1325 1262 1394 possit

372 1449 375 1458 .
460 1400 599 1454 Adversas
616 1401 716 1469 legere,
733 1404 763 1454 et
780 1402 937 1455 venientum
955 1400 1061 1455 discere
1079 1400 1176 1456 voltus.
1279 1414 1316 1455 tto

431 1507 437 1522 ·
493 1476 573 1530 Nunc
590 1493 648 1545 age,
668 1476 833 1529 Dardaniam
851 1476 956 1545 prolem
974 1493 1044 1546 quae
1062 1476 1162 1529 deinde
1183 1481 1314 1545 sequatur

459 1551 560 1620 Gloria,
579 1553 625 1621 qui
644 1556 772 1606 maneant
791 1553 862 1605 Itala
880 1552 915 1606 de
933 1556 1016 1620 gente
1033 1556 1156 1621 nepotes,

459 1628 588 1684 Inlustris
605 1629 709 1682 animas
725 1632 903 1696 nostrmnque
919 1630 949 1681 in
966 1645 1065 1682 nomen
1081 1628 1175 1697 ituras,

458 1704 611 1774 Expediam
629 1705 718 1770 dictis,
737 1709 766 1759 et
784 1708 813 1758 te
830 1709 879 1759 tua
896 1705 954 1759 fata
972 1704 1081 1759 docebo.

459 1780 519 1847 Ille,
537 1780 622 1848 vides,
639 1797 710 1850 pura
726 1780 831 1833 iuvenis
849 1781 897 1849 qui
914 1781 1011 1835 nititur
1028 1781 1115 1848 hasta,
1277 1796 1314 1835 rao

459 1856 596 1909 Proxuma
614 1861 688 1909 sorte
705 1859 783 1910 tenet
800 1856 868 1909 lucis
886 1856 951 1924 loca,
969 1858 1073 1926 primus
1091 1857 1127 1911 ad
1144 1874 1225 1910 auras

459 1931 608 1985 Aetherias
626 1932 699 1985 Italo
716 1932 880 1986 commixtus
898 1933 1029 2001 sanguine
1048 1936 1150 2001 surget,

458 2005 566 2074 Silvius,
585 2006 723 2060 Albanum
740 2024 847 2075 nomen,
866 2013 915 2063 tua
932 2013 1059 2077 postuma
1075 2009 1173 2078 proles,

458 2081 546 2146 Quem
564 2082 618 2137 tibi
634 2083 767 2152 longaevo
786 2081 878 2139 serum
898 2086 1011 2139 Lavinia
1028 2086 1145 2139 coniunx

457 2158 566 2214 Educet
584 2160 659 2214 silvis
676 2177 770 2229 regem
788 2178 940 2230 regumque
957 2165 1107 2231 parentem,
1276 2175 1313 2219 aa

457 2234 539 2290 Unde
557 2253 644 2305 genus
662 2237 757 2305 Longa
774 2242 899 2292 nostrum
917 2238 1104 2292 dominabitur
1122 2236 1202 2293 Alba

459 2310 611 2367 Proxumus
628 2312 675 2367 ille
694 2314 801 2381 Procas,
820 2314 952 2368 Troianae
968 2314 1056 2382 gloria
1072 2314 1169 2382 gentis,

457 2386 496 2441 Et
514 2388 609 2456 Capys,
628 2392 657 2443 et
675 2389 811 2457 Numitor,
831 2394 861 2444 et
879 2391 926 2459 qui
944 2393 974 2444 te
991 2391 1101 2444 nomine
1119 2390 1221 2447 reddet

458 2460 557 2516 Silvius
576 2467 693 2530 Aeneas,
712 2465 818 2533 pariter
835 2466 939 2535 pietate
957 2466 1000 2520 vel
1017 2466 1100 2520 armis

458 2537 600 2606 Egregius,
612 2540 635 2592 si
646 2556 776 2608 umquam
787 2542 956 2609 regnandam
968 2543 1105 2611 acceperit
1119 2541 1227 2597 Albam.
1275 2557 1314 2600 πο

457 2612 511 2677 Qui
528 2614 651 2669 iuvenes!
672 2620 788 2683 quantas
806 2621 954 2687 ostentant,
973 2618 1071 2686 aspice,
1088 2618 1161 2686 viris,

458 2689 555 2759 Atque
571 2690 698 2745 umbrata
714 2696 814 2759 gerunt
831 2694 902 2748 civili
919 2697 1043 2763 tempora
1061 2697 1179 2762 quercu!

458 2765 498 2820 Hi
515 2766 565 2821 tibi
583 2767 751 2824 Nomentum
769 2773 798 2823 ct
816 2770 918 2825 Gabios
936 2771 1088 2839 urbemque
1106 2770 1248 2839 Fidenam,

458 2840 498 2896 Hi
516 2843 663 2898 Collatinas
680 2845 811 2915 inponent
827 2847 965 2901 montibus
983 2863 1067 2914 arces,

458 2919 596 2973 Pometios
614 2920 796 2990 Castrumque
816 2923 879 2976 Inui
899 2924 1050 2992 Bolamque
1069 2922 1229 2991 Coramque.
1275 2938 1312 2981 trs

458 2995 535 3049 Haec
547 2998 607 3051 turn
618 2996 728 3051 nomina
741 3003 830 3067 erunt,
843 3015 914 3053 nunc
927 3004 991 3054 sunt
1003 2999 1062 3053 sine
1074 3000 1183 3054 nomine
1194 3002 1295 3057 terrae.

457 3071 530 3136 Quin
547 3073 577 3124 et
594 3087 644 3124 avo
662 3074 789 3128 comitem
808 3092 868 3131 sese
888 3076 1039 3130 Mavortius
1057 3074 1144 3130 addet

458 3146 597 3213 Romulus,
617 3149 744 3203 Assaraci
761 3168 843 3220 quem
861 3153 1000 3221 sanguinis
1020 3152 1073 3205 llia
1089 3155 1179 3205 mater

457 3221 570 3276 Educet
607 3222 714 3290 Viden,
732 3230 764 3281 ut
780 3229 906 3296 geminae
924 3232 999 3282 stant
1018 3228 1119 3282 vertice
1136 3228 1242 3295 cristae,

457 3298 494 3354 Et
510 3300 591 3367 pater
608 3296 669 3367 ipse
686 3315 735 3354 suo
753 3320 881 3373 superum
899 3303 953 3357 iam
971 3305 1060 3372 signat
1077 3304 1195 3359 honoret
1275 3322 1313 3361 rso

457 3374 506 3442 En,
525 3373 612 3439 huius,
630 3377 703 3441 nate,
721 3379 847 3448 auspiciis
865 3379 912 3433 illa
929 3380 1031 3434 incluta
1050 3381 1138 3434 Roma

446 3449 593 3518 Inperium
615 3450 704 3520 terris,
723 3454 829 3510 animos
846 3455 976 3525 aequabit
994 3455 1116 3526 Olympo,

431 3521 615 3597 dentemque
635 3545 692 3587 una
710 3533 766 3591 sibi
784 3552 867 3591 muro
886 3533 1074 3591 circumdabit
1088 3547 1177 3595 arcas,

417 3594 508 3655 1³⁶le
522 3605 612 3672 Prole
634 3612 750 3674 virum:
768 3616 866 3690 qualis
885 3613 1063 3685 Berecyntia
1077 3611 1171 3661 mater

411 3666 576 3739 breuiter
592 3703 689 3751 curm
715 3696 868 3772 Phqgm
887 3694 1005 3754 euntes
1019 3704 1074 3760 per
1091 3682 1195 3743 mnes,
1318 3688 1360 3727 l*
