3467 4367
708 613 892 671 AENEIDOS
909 621 978 672 LIB.
998 622 1051 671 III.
1249 624 1295 673 139

450 705 532 758 Haud
549 707 651 772 inpune
669 703 796 772 quidem;
813 720 863 757 nec
881 702 947 757 talia
964 709 1060 771 passus
1077 703 1181 774 Ulixes,

449 781 591 834 Oblitusre
609 781 651 833 sui
668 784 711 833 est
731 778 842 833 Ithacus
860 779 1015 834 discrimine
1033 783 1118 837 tanto.

448 857 520 911 Nam
539 857 618 910 simul
637 857 763 925 expletus
781 855 896 926 dapibus
915 856 1033 925 vinoque
1050 859 1173 925 sepultus
1265 873 1303 913 ceo
1366 908 1370 915 .

449 934 588 989 Cervicem
606 933 734 986 inflexam
752 933 849 1001 posuit,
866 933 1005 1002 iacuitque
1021 951 1072 1003 per
1090 938 1198 989 antrum

449 1011 600 1077 inmensus,
619 1010 722 1063 saniem
739 1014 866 1063 eructans
884 1011 913 1062 et
930 1009 1018 1063 frusta
1035 1013 1149 1064 cruento

449 1086 503 1140 Per
521 1103 644 1140 somnum
662 1086 810 1140 commixta
826 1101 910 1152 mero,
928 1101 985 1153 nos,
1003 1103 1101 1154 magna
1118 1088 1222 1155 precati

445 1163 567 1227 ¹Numina
585 1163 729 1231 sortitique
746 1163 826 1230 vices,
844 1178 899 1216 una
916 1162 1037 1230 undique
1054 1164 1155 1218 circum

449 1238 608 1306 Fundimur‚
627 1241 656 1292 et
673 1240 730 1293 telo
747 1238 839 1292 lumen
856 1237 1029 1292 terebramus
1047 1242 1136 1307 acuto,
1264 1244 1301 1285 ⁶³⁵

449 1315 558 1383 Ingens,
579 1316 652 1385 quod
671 1318 750 1369 torva
767 1314 854 1369 solum
872 1314 925 1367 sub
943 1314 1033 1369 fronte
1049 1314 1164 1383 latebat,

451 1392 571 1459 Argolici
589 1391 669 1460 clipei
686 1394 734 1445 aut
754 1390 897 1445 Phoebeae
914 1391 1049 1459 lampadis
1067 1392 1161 1459 instar,

449 1467 486 1521 Et
505 1468 618 1521 tandem
635 1468 700 1521 laeti
719 1468 853 1521 sociorum
871 1467 1027 1521 ulciscimur
1048 1468 1165 1521 umbras

449 1543 505 1597 Sed
521 1544 616 1611 sugite,
634 1559 650 1596 ο
668 1543 767 1610 miseri,
785 1542 881 1611 fugito,
899 1545 983 1611 atque
1000 1543 1036 1597 ab
1054 1544 1135 1599 litore
1152 1545 1245 1599 limem

449 1619 591 1690 Rumpite.
950 1685 953 1689 ¹
1054 1618 1058 1625 ’
1267 1625 1304 1677 elo

449 1698 474 1750 N
476 1714 520 1750 am
539 1697 626 1766 qualis
643 1700 817 1766 quantusque
834 1714 900 1752 cavo
919 1698 1102 1769 Polyphemus
1119 1700 1147 1753 in
1165 1702 1245 1755 antro

380 1816 383 1819 .
450 1773 596 1841 Lanigeras
614 1774 719 1828 claudit
736 1774 857 1842 pecudes
874 1779 959 1843 atque
976 1776 1063 1829 ubera
1080 1780 1195 1844 pressat,

449 1848 567 1902 Centum
585 1849 631 1903 alii
649 1866 732 1904 curva
748 1850 817 1905 haec
833 1850 960 1905 habitant
978 1852 1014 1905 ad
1031 1852 1113 1907 litora
1129 1853 1209 1921 volgo
1308 1872 1310 1877 ’

449 1924 558 1978 Infandi
578 1926 708 1993 Cyclopes
725 1930 755 1980 et
772 1927 835 1980 altis
854 1927 993 1981 montibus
1012 1931 1112 1983 errant.

448 2001 541 2056 Tertia
557 2001 612 2054 iam
629 2002 724 2055 Lunae
742 2019 771 2056 se
790 2019 890 2057 cornua
908 2004 1010 2057 lumine
1029 2005 1162 2072 conplent,
1266 2017 1304 2059 oe

448 2076 519 2130 Cum
536 2076 621 2131 vitam
639 2078 667 2131 in
685 2078 759 2132 silvis
776 2079 849 2134 inter
866 2080 977 2135 deserta
995 2081 1113 2134 ferarum

448 2152 550 2207 Lustra
567 2152 716 2223 domosque
735 2156 823 2223 traho,
841 2160 988 2224 vastosque
1007 2156 1042 2209 ab
1059 2172 1128 2225 rupe
1147 2155 1277 2224 Cyclopas

448 2229 595 2299 Prospici0‚
610 2233 788 2299 sonitumque
806 2232 908 2300 pedum
927 2249 1073 2301 vocemque
1092 2237 1232 2287 tremesco

447 2304 560 2359 Victum
577 2307 719 2372 baselicam,
738 2307 820 2361 bacas
838 2306 1016 2376 lapidosaque
1036 2325 1124 2375 corna,

447 2378 524 2433 Dant
540 2382 616 2449 rami,
635 2386 664 2435 et
683 2382 764 2434 volsis
783 2386 899 2450 pascunt
917 2382 1054 2436 radicibus
1071 2383 1180 2439 herbae.
1238 2451 1242 2459 Ι
1268 2397 1304 2437 oso
1337 2386 1339 2389 ’

447 2454 547 2509 Omnia
563 2458 741 2522 conlustrans,
759 2457 829 2511 hanc
847 2458 966 2525 primum
984 2459 1020 2511 ad
1038 2460 1119 2513 litora
1137 2460 1251 2515 classem

447 2531 585 2601 conspexi
603 2535 764 2588 venientem.
802 2533 875 2588 Huic
893 2550 944 2603 me,
964 2541 1151 2604 'quaecumque
1168 2536 1274 2606 luisset,

448 2607 570 2664 Addiri:
588 2611 655 2664 satis
673 2615 716 2664 est
733 2616 844 2680 gentem
863 2612 990 2680 effugisse
1008 2603 1159 2666 uelandam.

447 2684 506 2738 Vos
523 2686 640 2740 animam
657 2687 727 2741 hanc
744 2690 835 2757 potius
853 2704 1027 2757 quocumque
1046 2687 1183 2742 absumite
1201 2688 1264 2744 leto.

482 2760 539 2814 vix
557 2779 590 2816 ea
606 2764 678 2817 latus
697 2768 765 2832 erat,
783 2782 889 2819 summo
907 2782 969 2818 cum
987 2768 1080 2818 moute
1098 2764 1222 2819 videmus
1268 2780 1304 2820 ose

447 2837 544 2907 Ipsum
562 2837 635 2893 inter
651 2840 772 2908 pecudes
790 2845 868 2895 vasta
886 2859 916 2895 se
933 2842 1005 2895 mole
1022 2845 1177 2894 moventem

448 2913 591 2967 Pastorem
611 2916 807 2984 Polyphemum
825 2921 855 2971 et
872 2918 955 2972 litora
971 2924 1037 2972 nota
1055 2921 1204 2987 petentem,

448 2989 603 3043 Monstrum
612 2991 786 3060 horrendum,
796 2993 919 3062 informe,
926 2995 1029 3062 ingens,
1036 2995 1079 3049 cui
1089 2994 1182 3046 lumen
1193 2998 1303 3063 ademp

447 3065 555 3120 'l'runca
571 3084 654 3121 manu
671 3069 750 3137 pinus
768 3070 840 3138 regit
858 3073 888 3124 et
905 3071 1021 3139 vestigia
1038 3072 1130 3124 firmat
1139 3090 1146 3135 ;
1224 3070 1303 3139 [tum

447 3142 599 3211 lanigerae
616 3146 782 3200 comitantur
799 3163 878 3213 ores3
895 3164 929 3201 ea
946 3148 1004 3202 sola
1021 3148 1146 3216 voluptas
1267 3162 1303 3201 eoo

448 3218 632 3290 Solamenque
650 3222 722 3276 mali.

448 3294 597 3363 Postquam
615 3297 693 3351 altos
703 3299 797 3367 tetigit
814 3299 914 3355 fluctus
932 3304 963 3354 et
980 3299 1018 3353 ad
1034 3316 1153 3368 aequora
1170 3299 1253 3367 venit,

448 3370 571 3426 Luminis
588 3374 679 3427 effossi
697 3374 812 3429 fluidum
830 3377 896 3430 lavit
914 3377 980 3430 inde
998 3393 1131 3441 cruorem,
1199 3407 1201 3412 >

447 3446 584 3502 Dentibus
602 3449 760 3505 infrendens
778 3453 893 3524 gemitu,
910 3453 1101 3523 graditurque
1115 3466 1171 3519 per
1189 3459 1305 3511 ozam

446 3523 506 3588 lam
521 3524 649 3595 medium,
668 3529 791 3587 necdum
809 3531 916 3589 fluetus
931 3534 1032 3589 latera
1046 3529 1147 3586 arbua
1159 3520 1267 3575 eamn
1314 3521 1360 3557 W>

434 3597 495 3651 Nos
506 3603 607 3667 procul
624 3606 693 3662 inde
712 3610 812 3682 fugam
830 3613 951 3685 trepidi
966 3612 1118 3673 celerare,
1129 3596 1263 3682 teeepiss

422 3670 556 3803 Supplsse
571 3681 616 3737 sic
634 3689 750 3759 merito,
770 3693 929 3767 tacitique
947 3690 1092 3749 incidere
1109 3681 1245 3755 imssm'r
