3467 4367
653 1110 682 1159 P.
706 1106 861 1157 VERGILI
884 1103 1052 1154 MARONIS

622 1228 660 1305 G
677 1230 712 1302 E
730 1229 764 1304 O
784 1229 822 1301 R
841 1227 877 1301 G
896 1227 917 1299 Ι
935 1226 966 1301 O
986 1226 1019 1300 Ο
1041 1223 1079 1297 Ν

687 1395 806 1450 urana
831 1392 1018 1460 coluros.

804 1568 906 1598 -ψ-

425 1714 571 1768 Pnormus
589 1713 656 1767 aen'i
675 1714 764 1768 mellis
781 1714 911 1768 caelestia
929 1714 1002 1768 dona

426 1790 577 1859 Exsequar.
614 1790 693 1843 Hanc
711 1791 802 1856 etiam,
822 1790 974 1857 Maecenas,
992 1789 1083 1857 aspice
1101 1792 1215 1857 partem.

430 1866 603 1920 Admiranda
621 1866 673 1919 tibi
690 1865 791 1919 levium
810 1865 965 1933 spectacula
983 1882 1074 1918 rerum

428 1942 675 2009 Magnanimosque
694 1941 778 1995 duces
796 1942 938 2008 totiusque
956 1940 1051 1994 ordine
1069 1941 1161 2008 gentis

385 2010 395 2021 ⁸
425 2018 519 2072 Mores
538 2021 568 2071 et
587 2018 679 2071 studia
697 2022 725 2071 et
742 2018 855 2087 populos
875 2022 903 2073 et
922 2018 1025 2086 proelia
1045 2018 1142 2070 dicam.
1270 2032 1284 2070 e

425 2096 460 2149 ln
479 2094 556 2149 tenui
575 2094 668 2159 labor;
689 2097 719 2148 at
737 2095 827 2148 tenuis
846 2112 900 2148 non
919 2094 1014 2161 gloria,
1034 2094 1056 2146 si
1075 2111 1156 2161 quem

426 2171 547 2225 Numina
566 2171 643 2225 laeva
662 2171 754 2224 sinunt
773 2170 906 2237 auditque
925 2172 1037 2223 vocatus
1057 2169 1164 2238 Apollo.
1183 2198 1185 2202 ·

463 2247 599 2315 Principio
619 2246 699 2300 sedes
717 2245 814 2313 apibus
834 2247 972 2313 statioque
991 2246 1117 2315 petenda,
1155 2240 1157 2244 ’

427 2326 487 2390 Quo
505 2340 595 2392 neque
613 2323 650 2377 sit
668 2324 757 2377 ventis
777 2323 974 2389 aditus—nam
991 2323 1092 2391 pabula
1109 2324 1182 2378 venti

426 2402 512 2455 Ferre
525 2400 636 2454 domum
649 2399 921 2469 prohibent-neque
935 2417 998 2454 oves
1010 2400 1145 2468 haedique
1157 2400 1259 2468 petulci

426 2476 552 2530 Floribus
570 2476 710 2543 insultent,
730 2480 779 2529 aut
798 2493 892 2530 errans
912 2476 1010 2531 bucula
1028 2493 1122 2545 campo
1261 2490 1284 2527 11

426 2553 556 2607 Decutiat
574 2569 673 2618 rorem,
694 2557 723 2607 et
741 2553 878 2621 surgentis
897 2558 1002 2607 atterat
1019 2553 1124 2607 herbas.

426 2629 529 2683 Absint
546 2633 576 2683 et
594 2630 660 2698 picti
680 2630 834 2698 squalentia
852 2634 932 2697 terga
950 2630 1045 2684 lacerti

426 2706 578 2773 Pinguibus
597 2724 614 2760 a
632 2706 756 2772 stabulis,
776 2724 966 2775 meropesque,
985 2708 1109 2776 eliaeque
1126 2707 1257 2771 volucres,

427 2784 464 2837 ut
485 2784 607 2837 manibus
627 2784 731 2837 Procne
751 2788 846 2852 pectus
866 2785 973 2851 signata
991 2784 1124 2847 cruentis;
1261 2796 1285 2833 15

427 2860 526 2913 Omnia
544 2878 607 2913 nam
626 2860 681 2913 late
700 2864 817 2927 vastant,
837 2862 966 2930 ipsasque
985 2860 1100 2913 volantis

427 2936 483 2989 Ore
501 2935 594 2989 ferunt
615 2931 721 2990 dulcein
741 2938 813 2991 nidis
832 2938 973 2991 inmitibus
992 2954 1088 2990 eseam.

428 3016 470 3067 At
488 3012 583 3079 liquidi
602 3014 691 3067 fontes
711 3020 740 3069 et
759 3018 858 3082 stagna
877 3016 992 3068 virentia
1010 3030 1101 3067 musco

428 3090 539 3157 Adsint,
559 3095 588 3144 et
607 3094 695 3144 tenuis
713 3094 820 3160 fugiens
839 3109 890 3162 per
908 3093 1030 3161 gramina
1047 3092 1128 3156 rivus,

429 3169 578 3236 Palmaque
599 3167 762 3223 vestibulum
781 3170 945 3237 octingena
964 3170 1080 3223 oleaster
1097 3164 1245 3229 inumbret,

429 3245 476 3311 Ut,
496 3260 557 3297 cunr
575 3244 664 3311 prima
683 3247 744 3299 novi
763 3248 865 3302 ducent
885 3247 1009 3301 examina
1026 3260 1105 3312 reges
1263 3253 1285 3290 21

429 3322 504 3375 Vere
522 3337 577 3387 suo,
597 3320 729 3390 ludetque
747 3324 815 3377 favis
833 3324 932 3378 emissa
949 3323 1082 3386 iurentuS‚

429 3400 525 3452 Vicina
543 3398 640 3451 invitet
660 3399 795 3457 decedere
814 3403 876 3473 ripa
895 3400 989 3468 calori,

425 3476 567 3543 Obviaque
584 3475 710 3546 hospitiis
729 3483 828 3540 teneat
844 3479 1055 3539 frondentibus
1070 3472 1169 3529 arbos.

411 3549 447 3601 1¹²
465 3552 598 3617 medium,
617 3572 670 3611 fleu
689 3560 782 3619 stabit
803 3564 894 3632 iners,
917 3580 973 3619 seu
991 3555 1127 3632 qrobuet
1139 3548 1269 3600 numer,
1322 3535 1356 3573 ’ὦ

403 3625 591 3683 Transversas
608 3634 716 3693 salices
738 3648 771 3699 et
791 3646 928 3715 grandia
946 3640 1069 3699 coniuce
1089 3642 1179 3690 Μ
