3467 4367
687 633 763 682 AEN
766 632 870 681 EIDOS
886 631 954 680 LIB‚
973 630 1038 680 VII.
1236 632 1282 680 215

436 714 552 769 (loniicit
567 713 651 782 inque
669 712 756 766 sinum
774 712 931 781 praecordia
949 712 985 766 ad
1002 712 1099 766 intima
1117 710 1218 778 subdit,

436 792 497 856 Quo
511 789 659 844 furibunda
675 788 787 843 domum
804 792 925 843 monstro
943 789 1105 858 permisceat
1122 804 1236 842 omnem.

436 866 496 934 llle,
513 867 588 920 iuter
604 870 696 920 vestes
714 869 743 920 et
760 865 830 919 levia
846 868 960 933 pectora
978 865 1075 934 lapsus,

435 941 563 995 Volvitur
580 944 686 996 attactu
703 941 785 1008 nullo,
803 941 927 1009 fallitque
944 941 1088 1008 furentem,
1248 953 1285 993 seo

435 1017 584 1086 Vipeream
601 1018 735 1086 inspirans
752 1018 885 1081 animam;
903 1016 935 1069 fit
953 1015 1046 1069 tortile
1064 1017 1131 1070 collo
1178 1058 1180 1062 .

436 1094 543 1150 Aurum
560 1094 655 1163 ingens
673 1093 791 1161 coluber,
809 1093 842 1145 fit
858 1093 954 1159 longae
971 1092 1062 1146 taenia
1079 1093 1173 1159 vittae,

435 1169 611 1237 Innectitque
628 1185 724 1236 comas,
743 1173 772 1222 et
789 1167 919 1221 membris
936 1167 1055 1221 lubricus
1073 1171 1155 1223 errat

437 1246 479 1299 Ac
496 1245 561 1298 dum
578 1245 666 1317 prima
683 1245 741 1298 lues
758 1243 813 1298 udo
832 1243 959 1312 sublapsa
975 1261 1078 1298 veneno

436 1320 609 1389 Pertemptnt
626 1338 720 1374 sensus
738 1325 822 1389 atque
840 1319 945 1373 ossibus
962 1320 1072 1389 inplicat
1089 1321 1188 1389 ignem,
1249 1336 1285 1375 ³5⁵

435 1396 560 1450 Necdum
577 1397 684 1450 animus
701 1400 760 1450 toto
777 1395 900 1464 percepit
916 1401 1026 1464 pectore
1044 1397 1188 1465 flammam,

435 1472 553 1538 Mollius,
571 1476 600 1526 et
618 1473 697 1527 solito
715 1476 833 1526 matrum
852 1472 888 1525 do
905 1488 988 1538 more,
1006 1471 1095 1525 locuta
1113 1475 1164 1538 est,

435 1547 525 1602 Multa
542 1563 624 1617 super
640 1552 706 1602 nata
723 1548 866 1601 lacrimans
887 1547 1065 1615 Phrygiisque
1082 1548 1250 1615 hymenaeis:

435 1624 616 1678 Exsulibusue
634 1625 717 1677 datur
734 1622 860 1677 ducenda
879 1623 990 1677 Lavinia
1008 1624 1126 1692 Teucris,

435 1700 459 1753 Ο
476 1701 601 1769 genitori
619 1716 669 1753 nec
687 1705 716 1754 te
734 1700 845 1754 miseret
862 1704 1016 1769 gnataeque
1033 1700 1145 1769 tuiqucl
1249 1714 1286 1754 seo

435 1776 461 1829 N
463 1793 494 1830 ec
510 1778 606 1831 matris
623 1778 743 1845 miseret,
761 1793 842 1845 quam
860 1776 948 1845 primo
966 1777 1092 1846 aquilone
1109 1779 1246 1848 relinquet

436 1852 569 1921 Perfidus,
587 1853 643 1907 alta
659 1858 757 1922 petens
774 1853 893 1907 abducta
911 1852 1023 1922 virgine,
1041 1854 1162 1921 praedol

436 1931 477 1983 At
494 1946 547 1983 uon
565 1930 604 1984 sic
622 1929 757 1998 Phrygius
773 1934 902 1998 penetrat
919 1929 1125 1984 Lacedaemona
1141 1932 1235 1999 pastor

435 2004 628 2074 Ledaeamque
647 2005 780 2060 Helenam
798 2006 928 2059 Troianas
946 2006 1022 2059 vexit
1040 2005 1075 2058 ad
1092 2005 1182 2059 urbes.

435 2079 509 2144 Quid
526 2084 575 2134 tua
593 2084 687 2133 sancta
703 2081 789 2134 fidesl
807 2081 876 2148 quid
893 2096 959 2133 cura
975 2080 1088 2148 antiqua
1105 2084 1213 2134 tuorum
1249 2095 1286 2133 aas

435 2157 473 2210 Et
490 2156 689 2223 consanguineo
704 2156 805 2208 totiens
823 2156 890 2208 data
908 2155 1023 2208 dextera
1041 2156 1148 2211 'lumel

435 2232 464 2285 si
480 2247 566 2299 gener
582 2233 697 2284 externa
713 2229 818 2297 petitur
835 2229 871 2282 de
888 2232 971 2296 gente
989 2229 1102 2298 Latinis,

437 2305 526 2374 quue
543 2305 630 2372 sedet,
648 2305 790 2372 Faunique
808 2308 936 2373 premunt
954 2306 982 2357 te
1000 2305 1072 2359 iussa
1089 2306 1217 2374 parentis,

436 2382 551 2435 Omnem
568 2381 697 2449 equidem
714 2381 828 2449 sceptris
845 2383 948 2434 terram
966 2397 1036 2448 quae
1053 2380 1140 2434 libera
1156 2383 1257 2437 nostris

436 2457 565 2525 Dissidet,
583 2460 724 2511 externam
742 2472 811 2524 reor,
830 2461 859 2510 et
877 2458 915 2510 sic
933 2456 1025 2510 dicere
1042 2456 1125 2512 divos.
1249 2471 1286 2512 ³70

436 2533 473 2586 Et
491 2533 588 2602 Turno,
606 2534 630 2587 si
646 2534 735 2602 prima
751 2532 848 2587 domus
865 2536 1008 2599 repetatur
1026 2533 1109 2602 origo,

436 2608 553 2664 Inachus
573 2609 748 2677 Acrisiusque
765 2612 859 2677 patres
876 2608 1037 2677 mediaeque
1056 2609 1192 2679 Mycenae.

470 2685 523 2739 His
539 2686 585 2738 ubi
603 2685 769 2754 nequiquam
786 2685 867 2738 dictis
885 2689 999 2754 experta
1016 2685 1144 2739 Latinum

435 2761 538 2815 Contra
556 2767 629 2816 stare
646 2761 731 2828 videt,
747 2761 911 2830 penitusque
928 2762 956 2813 in
973 2761 1077 2815 viscera
1094 2760 1199 2829 lapsum

408 2851 414 2862 ’
435 2838 575 2907 Serpentis
591 2836 688 2890 firriale
704 2837 813 2905 malum,
830 2839 973 2904 totamque
989 2839 1121 2905 peremat,
1251 2850 1287 2893 ³⁷⁵

435 2913 504 2967 Turn
522 2930 586 2967 vero
603 2912 707 2980 infelix,
725 2912 881 2980 ingentibus
899 2913 989 2967 excita
1005 2912 1141 2981 monstris,

436 2989 591 3043 Inmensam
610 2989 669 3043 sine
688 3005 763 3042 more
780 2989 847 3042 furit
863 2988 1003 3057 lymphata
1019 3005 1070 3057 per
1086 2988 1196 3044 urbem:

436 3065 493 3119 (lou
511 3065 648 3137 quondam
666 3068 740 3119 torto
758 3065 873 3119 volitans
891 3064 942 3118 sub
960 3064 1074 3119 verbere
1092 3064 1182 3131 turbo,

436 3140 523 3204 Quem
540 3142 618 3209 pueri
635 3157 733 3209 magno
750 3141 778 3194 in
796 3157 862 3209 gyro
880 3157 964 3194 vacua
981 3140 1053 3194 atria
1070 3139 1171 3193 circum

436 3216 541 3271 Intenti
558 3218 624 3271 ludo
642 3221 786 3282 exercent;
803 3218 850 3270 ille
868 3221 945 3271 actus
962 3216 1068 3271 habena
1251 3234 1288 3271 aso

436 3293 562 3347 Curvatis
579 3293 668 3347 fertur
684 3294 793 3362 spatiis;
812 3296 905 3362 stupet
923 3293 1008 3347 inscia
1025 3309 1107 3362 supra

437 3367 613 3437 Inpubesque
630 3385 734 3438 manus,
751 3370 851 3423 mirata
867 3370 986 3424 volubile
1004 3369 1121 3436 buxum3

436 3442 512 3496 Dant
529 3444 632 3496 animos
647 3443 754 3513 plagae.
788 3445 815 3499 N
816 3461 851 3499 on
868 3462 950 3500 cursu
967 3448 1075 3514 segnior
1091 3446 1138 3499 illo
1165 3445 1167 3450 '

436 3517 491 3572 Per
507 3518 611 3571 medias
628 3518 711 3574 urbes
728 3521 822 3591 agitur
838 3521 1016 3593 populosque
1031 3520 1146 3575 lerneus.

429 3593 499 3657 Qm'n
518 3593 602 3648 etiam
619 3595 650 3650 in
668 3597 762 3670 silvas,
780 3599 919 3657 simulato
936 3600 1061 3655 numine
1073 3588 1207 3650 thaam,
1299 3584 1348 3623 ’ὥ

416 3664 510 3723 Maius
525 3668 632 3729 adorta
650 3674 736 3733 nefas
753 3678 967 3751 maioremque
985 3691 1059 3732 orsa
1071 3672 1229 3725 imm*
