3467 4367
717 638 794 686 AEN
796 637 903 687 EIDOS
919 638 989 689 LIB.
1007 638 1043 689 X.
1236 643 1282 693 281

430 720 622 790 canitiemque
639 722 691 776 sibi
709 726 740 777 et
756 722 853 790 longos
871 720 1036 790 promiserat
1054 737 1195 789 annos3-

429 796 577 866 Tarquitus
595 799 735 853 exsultans
753 801 848 853 contra
865 797 1035 865 fulgentibus
1053 800 1144 865 armis,
1249 814 1286 855 tto

430 873 572 928 Silvicolae
590 874 684 929 Fauno
702 876 811 944 Dryope
829 889 912 943 quem
930 874 1050 942 nympha
1067 879 1181 945 crearat,

430 949 536 1003 Obvius
554 950 663 1005 ardenti
683 968 743 1006 sese
762 950 872 1004 obtulit.
909 949 961 1003 ille
980 950 1095 1003 reducta

430 1026 555 1080 Loricam
574 1027 709 1096 clipeique
727 1028 822 1095 ingens
840 1042 909 1079 onus
926 1026 1035 1095 inpedit
1053 1025 1147 1091 hasta;

430 1102 499 1155 'lum
517 1105 600 1171 caput
617 1104 720 1157 orantis
738 1102 906 1171 nequiquam
924 1105 953 1156 et
970 1102 1057 1155 multa
1075 1102 1199 1171 parantis

430 1178 529 1232 Dicere
547 1178 678 1234 deturbat
696 1184 795 1246 terrae,
814 1183 998 1246 truncumque
1016 1181 1158 1246 tepentem
1250 1194 1286 1233 sss

431 1253 595 1309 Provolvens
614 1256 781 1325 superhaec
798 1254 908 1307 inimico
925 1257 1037 1323 pectore
1054 1255 1146 1310 fatur:

431 1330 499 1383 Istic
515 1348 595 1399 nunc,
613 1333 769 1399 metuende,
786 1332 852 1384 iace.
888 1329 914 1382 N
916 1347 951 1382 cu
969 1333 998 1383 te
1016 1333 1129 1399 optuma
1146 1334 1236 1384 mater

431 1406 539 1460 (londet
556 1407 646 1475 humo,
664 1408 809 1476 patrioque
827 1404 954 1458 onerabit
972 1404 1095 1458 membra
1113 1405 1273 1473 sepulchro:

433 1482 556 1535 Alitibus
573 1483 704 1552 linquere
716 1482 789 1548 feris,
809 1484 858 1534 aut
875 1481 984 1549 gurgite
1003 1497 1122 1533 mersum

431 1558 513 1612 Unda
531 1558 609 1624 feret,
626 1560 768 1628 piscesque
784 1557 884 1626 inpasti
903 1558 1011 1611 volnera
1028 1556 1157 1611 lambent.
1249 1573 1287 1611 seo

433 1634 561 1689 Protinus
580 1636 718 1690 Antaeum
738 1639 767 1690 et
786 1635 896 1702 Lucam,
915 1634 1004 1702 prima
1022 1634 1133 1702 agmina
1151 1632 1243 1701 Turni,

432 1710 619 1781 Persequitur,
632 1712 788 1780 fortemque
799 1711 927 1777 Numam,
940 1710 1100 1779 hdvumque
1114 1710 1277 1777 Camertem,

431 1786 605 1855 Magnanimo
624 1789 772 1843 Volscente
790 1791 887 1855 satum,
906 1787 1057 1842 ditissimus
1076 1787 1134 1855 agri

431 1864 484 1928 Qui
500 1864 553 1920 fuit
572 1864 751 1932 Ausonidum,
769 1868 798 1919 et
815 1863 909 1918 tacitis
926 1864 1055 1931 regnavit
1073 1862 1202 1933 Amyclis.

431 1941 562 2007 Aegaeon
581 1941 677 2010 qualia,
695 1944 805 1995 centum
824 1940 867 1993 cui
886 1940 1014 1994 bracchia
1032 1940 1128 1993 dicunt
1248 1952 1285 1991 tes

431 2016 621 2083 Centenasque
639 2033 742 2082 manus,
762 2016 962 2084 quinquaginta
980 2015 1074 2068 oribus
1092 2015 1183 2081 ignem

431 2089 646 2157 Pectoribusque
663 2091 771 2156 arsisse,
790 2090 944 2143 Ioviacum
963 2090 1077 2142 fulmina
1094 2092 1191 2143 contra
1252 2146 1257 2158 ‚

431 2166 483 2219 Tot
500 2166 612 2233 paribus
630 2169 767 2233 streperet
784 2164 887 2232 clipeis,
905 2168 948 2217 tot
968 2165 1117 2230 stringeret
1135 2179 1228 2218 enses:

432 2240 476 2293 Sic
494 2244 552 2293 tcto
571 2241 681 2293 Aeneas
699 2236 869 2293 desaevit'in
889 2256 1009 2307 aequore
1027 2239 1121 2307 victor,

432 2314 472 2368 Ut
490 2315 574 2368 semel
592 2315 711 2384 intepuit
729 2331 833 2369 mucro.
871 2315 943 2379 Quin
962 2331 1025 2368 ecce
1045 2314 1162 2384 Niphaei
1249 2327 1286 2369 oto

432 2389 608 2457 Quadriiugis
626 2390 654 2442 in
672 2407 758 2459 equos
776 2391 948 2459 adversaque
965 2394 1078 2459 pectora
1095 2390 1197 2445 tendit.

433 2466 526 2533 Atque
544 2465 592 2533 illi,
611 2465 692 2533 longo
710 2465 885 2534 gradientem
903 2469 932 2519 et
951 2466 1011 2519 dira
1030 2467 1192 2519 frementem

432 2541 472 2595 Ut
489 2542 592 2610 videre,
611 2545 687 2595 metu
705 2542 777 2595 versi
795 2546 927 2612 retroque
945 2546 1058 2596 ruentes

432 2617 639 2686 Ellimduntque
657 2618 763 2685 ducem,
782 2621 948 2687 rapiuntque
966 2619 1002 2672 ad
1019 2619 1101 2672 litora
1118 2633 1225 2671 currus.

432 2695 544 2749 Interea
560 2693 661 2761 biiugis
679 2693 764 2747 infert
782 2711 812 2748 sc
830 2695 956 2763 Lucagus
974 2695 1043 2748 albis
1115 2710 1123 2717 ·
1248 2705 1285 2746 575

433 2771 466 2823 In
484 2771 596 2836 medios,
614 2770 754 2838 fraterque
773 2770 872 2839 Liger;
896 2771 946 2824 sed
963 2772 1051 2824 frater
1068 2769 1183 2823 habenis

432 2847 533 2900 Flectit
551 2862 644 2915 equos,
663 2846 790 2899 strictum
808 2850 884 2901 rotat
902 2863 964 2900 acer
982 2847 1108 2913 Lucagus
1126 2859 1229 2899 ensem.

433 2923 515 2976 Haud
533 2922 600 2975 tulit
619 2923 729 2974 Aeneas
746 2925 825 2975 tauto
842 2923 950 2975 fervore
968 2922 1097 2975 furentis:

432 2999 529 3066 inruit,
547 2997 716 3066 adversaque
734 2997 830 3065 ingens
847 2998 975 3063 adparuit
993 2998 1086 3050 hasta.¹

431 3075 481 3128 Oui
496 3076 591 3143 Liger:
1247 3084 1286 3123 osc

431 3150 493 3204 Non
512 3149 654 3218 Diomedis
672 3166 765 3217 equos,
783 3165 833 3203 nec
851 3164 961 3202 cunum
980 3148 1070 3202 cernis
1089 3145 1197 3213 Achilli,

431 3228 491 3280 Aut
509 3227 645 3295 Phrygiae
663 3241 786 3294 campos:
804 3242 875 3279 nunc
893 3223 958 3277 belli
977 3224 1039 3277 finis
1057 3227 1087 3278 et
1104 3222 1165 3278 aevi

432 3301 484 3354 His
502 3302 614 3355 dabitur
632 3301 721 3355 terris.
759 3300 867 3355 Vesano
886 3300 953 3353 talia
971 3301 1028 3354 late

431 3376 512 3431 Dicta
529 3378 621 3431 volant
640 3377 738 3445 Ligeri.
775 3377 831 3432 Sed
849 3383 903 3432 non
921 3381 952 3433 et
969 3377 1066 3431 Troius
1084 3376 1165 3430 heros

431 3453 512 3506 Dicta
523 3458 604 3521 parat
617 3458 727 3518 contra;
745 3454 860 3508 iaculum
874 3471 938 3508 nam
950 3457 1066 3522 torquet
1076 3454 1109 3504 in
1116 3452 1242 3502 hostem.
1250 3462 1295 3493 aaa

431 3527 556 3596 Lucagus
574 3531 606 3581 ut
623 3545 727 3597 pronus
744 3531 874 3601 pendens
889 3532 923 3585 in
938 3532 1067 3584 *uerbera
1080 3524 1144 3575 hehe

423 3604 580 3659 Admonuit
599 3606 720 3679 biiugos,
738 3609 873 3680 proiecto
894 3609 970 3663 dum
978 3604 1063 3675 pede
1072 3600 1168 3679 haim

415 3681 508 3747 ΛΡΜ
524 3698 559 3737 ⁸0
574 3701 703 3756 pugnae,
724 3686 812 3745 subit
829 3702 904 3743 oras
916 3685 1015 3739 hasta
1030 3688 1090 3743 W
1107 3670 1196 3717 iffi
