3467 4367
696 610 878 659 AENEIDOS
895 610 963 658 LIB.
980 609 1021 657 11.
1230 609 1275 657 105

463 692 551 762 Saepe
569 693 662 761 fugam
682 692 769 745 Danai
787 692 867 746 Troia
884 691 994 760 cupiere
1012 689 1108 744 relicta

427 769 520 822 Moliri
538 772 567 821 et
584 769 665 836 longo
682 768 746 821 fessi
766 768 909 823 discedere
926 767 1013 833 bello;

427 842 624 911 Fecissentque
642 844 761 897 utinam!
784 861 866 912 saepe
884 844 945 897 illos
962 858 1059 912 aspera
1076 840 1153 910 ponti
1244 856 1279 895 uo

428 918 589 972 Interclusit
606 918 720 987 hiemps,
740 922 769 972 et
787 920 888 973 terruit
908 921 1012 972 Auster
1030 919 1127 973 euntis.

428 995 585 1062 Praecipue,
603 1010 664 1047 euni
683 996 736 1048 iam
755 995 798 1048 hic
816 995 941 1049 trabibus
959 998 1103 1049 contextus
1121 998 1227 1050 acernis

428 1071 521 1125 Staret
539 1087 633 1139 equus,
653 1073 712 1124 toto
729 1075 880 1125 sonuerimt
898 1071 1011 1125 aethere
1028 1071 1120 1126 nimbi.

429 1147 558 1216 Suspensi
578 1147 743 1216 Eurypylum
761 1147 906 1202 scitantem
924 1148 1032 1202 oracula
1051 1149 1155 1203 Phoebi

429 1224 574 1294 Mittimus,
591 1224 670 1293 isque
687 1224 777 1294 adytis
795 1223 862 1278 baec
880 1225 972 1278 tristia
990 1224 1064 1279 dieta
1081 1229 1218 1295 reportat:
1243 1241 1280 1279 115

429 1301 585 1369 “Sanguine
602 1301 730 1369 placastis
748 1305 845 1355 ventos
862 1304 893 1354 et
909 1300 1014 1369 virgine
1031 1319 1117 1370 caesa,

430 1379 499 1433 Cum
517 1378 635 1447 primum
655 1378 760 1446 Iliacas,
779 1378 875 1446 Danai,
893 1378 1006 1432 venistis
1024 1380 1059 1432 ad
1077 1396 1154 1445 oras3

430 1455 567 1523 Sanguine
585 1455 734 1522 quaerendi
753 1454 867 1522 reditus,
886 1456 1030 1523 animaque
1046 1456 1182 1509 litandum
1173 1507 1215 1545 s

433 1532 580 1599 Argolica.'’
618 1530 700 1598 Volgi
718 1548 788 1599 quae
805 1548 858 1585 vox
875 1534 908 1585 ut
925 1531 1000 1585 venit
1018 1532 1054 1585 ad
1071 1533 1150 1598 auris,

431 1607 595 1676 Obstipuere
613 1607 702 1674 animi,
720 1608 884 1677 gelidusque
902 1624 952 1676 per
969 1609 1023 1661 ima
1041 1608 1160 1662 cucurrit
1244 1622 1281 1662 lac

432 1684 501 1736 Ossa
519 1687 628 1748 tremor,
647 1684 689 1736 eui
708 1684 765 1737 fata
781 1688 888 1753 parcnt,
907 1700 989 1753 quem
1006 1687 1100 1752 poscat
1119 1683 1223 1751 Apollo.

432 1758 486 1812 Hie
505 1759 617 1812 Ithacus
635 1764 725 1813 vatem
744 1777 842 1829 magno
862 1760 1010 1814 Calchanta
1026 1759 1148 1813 tumultu

432 1834 573 1888 Protrahit
591 1835 618 1888 in
637 1836 756 1902 medios;
777 1853 847 1904 quae
865 1836 921 1889 sint
940 1854 972 1890 oa
990 1838 1101 1890 numina
1118 1836 1217 1903 divom,

432 1911 560 1979 Flagitat.
598 1912 634 1964 Et
652 1912 718 1964 mihi
736 1913 790 1965 iam
808 1913 889 1965 multi
907 1913 1017 1966 crudele
1036 1912 1171 1966 canebant

433 1987 556 2041 Artificis
574 1988 669 2056 seclus,
687 1992 716 2041 et
734 1989 812 2041 taciti
830 1992 945 2042 ventura
962 1989 1099 2043 videbant.
1246 2001 1282 2041 111

433 2063 482 2117 Bis
499 2064 595 2131 quinos
613 2064 676 2118 silet
693 2064 739 2117 ille
757 2064 824 2132 dies,
843 2069 989 2134 tectusque
1006 2068 1114 2119 recusat

434 2140 555 2194 Prodere
571 2156 636 2193 voce
654 2158 703 2193 sua
720 2158 885 2210 quemquam
904 2146 951 2195 aut
969 2158 1105 2209 opponere
1122 2141 1212 2195 morti.

433 2217 488 2270 Vix
507 2216 625 2284 tandem,
645 2218 750 2284 magnis
771 2217 860 2271 lthaei
879 2216 1042 2271 elamoribus
1060 2220 1144 2283 actus,

434 2293 581 2362 Conposito
599 2293 703 2361 rumpit
721 2309 821 2361 vocem,
840 2297 871 2347 et
889 2309 933 2347 me
950 2292 1072 2346 destinat
1090 2308 1197 2357 arses

434 2370 591 2423 Adsensere
608 2386 711 2437 omnes,
729 2372 766 2437 et,
784 2386 855 2438 quae
874 2369 926 2422 sibi
945 2369 1060 2437 quisque
1078 2368 1202 2431 timebat,
1248 2380 1284 2419 130

433 2446 522 2501 Unius
540 2446 568 2498 in
585 2445 679 2499 miseri
697 2445 812 2499 exitium
829 2462 959 2499 conversa
976 2445 1071 2499 tulere.

434 2523 549 2589 Iamque
567 2522 627 2575 dies
644 2522 755 2575 infanda
773 2522 885 2588 aderat;
903 2522 971 2576 mihi
989 2538 1065 2576 sacra
1082 2523 1180 2590 parari,

434 2599 471 2652 Et
489 2598 576 2653 salsae
592 2599 693 2667 fruges,
711 2603 741 2653 et
758 2599 859 2653 circum
878 2601 1003 2667 tempora
1020 2598 1122 2664 vittae3

434 2676 538 2745 Eripui,
556 2677 653 2742 fateor,
670 2676 727 2729 leto
744 2692 796 2742 me,
815 2679 844 2729 ct
861 2675 968 2728 vincula
985 2676 1055 2743 rupi,

434 2752 599 2820 Limosoque
618 2752 678 2805 lacu
696 2769 745 2820 per
763 2754 871 2805 noctem
890 2750 1020 2804 obscurus
1037 2750 1066 2803 in
1083 2751 1147 2804 ulva
1177 2771 1189 2794 ·
1249 2765 1286 2803 135

435 2829 548 2893 Delitui‚
569 2828 633 2881 dum
653 2829 713 2881 vola
730 2829 837 2895 darent,
856 2828 879 2880 si
897 2827 970 2881 forte
987 2826 1135 2880 dedissent.

434 2906 495 2961 Nec
512 2906 579 2958 mihi
597 2905 650 2958 iam
671 2906 787 2974 patriam
807 2905 946 2973 antiquam
966 2920 1028 2972 spos
1047 2903 1101 2955 ulla
1118 2902 1237 2970 videndi,

435 2981 462 3035 N
464 2998 495 3035 ec
513 2981 600 3035 duleis
618 2984 697 3035 natos
716 2984 932 3050 exoptatumque
949 2982 1106 3048 parentem

436 3058 511 3122 Quos
528 3058 567 3111 illi
586 3058 641 3111 fors
661 3062 690 3110 et
708 3074 810 3126 poenas
829 3057 864 3110 ob
883 3060 978 3127 nostra
995 3059 1138 3123 reposcent

436 3135 552 3203 Effugia,
570 3139 599 3189 et
617 3134 723 3202 eulpam
741 3133 811 3187 hanc
831 3134 990 3187 miscrorum
1008 3135 1096 3186 morte
1114 3131 1236 3199 piabunt.
1253 3144 1288 3184 111

437 3212 518 3276 Quod
535 3216 564 3266 te
583 3228 632 3280 per
651 3228 763 3279 superos
782 3215 811 3265 et
829 3228 878 3264 con
881 3210 936 3263 seia
953 3209 1064 3262 numina
1081 3208 1146 3275 veri,

437 3289 499 3356 Per,
512 3290 535 3343 si
549 3306 604 3358 qua
616 3292 666 3354 est,
680 3305 751 3357 quae
762 3291 850 3342 restet
838 3287 953 3341 tadhuc
965 3284 1126 3339 mortalibus
1138 3299 1253 3352 usquam

437 3366 609 3419 Intemerata
628 3330 706 3432 fides,
725 3382 781 3434 oro,
798 3365 929 3418 miserere
947 3355 1071 3416 laborum

438 3443 595 3511 Tantorum,
615 3443 745 3497 miserere
764 3441 848 3495 auinri
865 3458 921 3495 non
938 3440 1026 3509 digna
1039 3438 1168 3492 terentis
1274 3463 1282 3484 1

470 3518 525 3570 His
534 3519 653 3573 laommm
666 3519 752 3574 vitam
765 3518 875 3590 damus,
888 3524 920 3576 et
929 3516 1149 3575 miserescimus
1155 3511 1249 3563 ultre
1289 3510 1335 3547 Ἢ)

424 3593 491 3658 ῙΡθθ
510 3595 567 3647 viro
583 3597 694 3665 primus
712 3597 844 3655 manicas
860 3603 957 3671 atque
977 3600 1049 3652 arta
1060 3586 1165 3647 leuari

420 3666 516 3721 Vincla
532 3670 614 3727 iubet
635 3675 783 3749 Priamus,
805 3679 965 3750 dictisque
985 3675 1034 3731 ita
1052 3672 1140 3726 tatur
1160 3649 1289 3713 11111161ὶῑ
