3467 4367
696 626 883 676 AENEIDOS
901 626 970 677 LlB.
989 625 1026 678 X.
1235 624 1282 674 273

430 707 547 760 Aeneal
565 706 654 773 vigila,
672 709 703 761 et
719 706 788 761 velis
805 707 926 762 immitte
944 706 1079 763 rudentis,

429 784 486 837 Nos
504 800 603 851 sumus,
624 782 724 837 Idaeae
741 800 818 838 sacro
837 785 873 839 de
890 785 995 839 vertice
1012 785 1102 855 pinus,
1246 800 1285 840 aaa

428 860 508 914 Nunc
525 859 614 928 pelagi
634 860 783 928 Nymphae,
802 861 897 914 classis
914 864 970 914 tua
1008 862 1137 915 Perfidus
1155 866 1186 917 ut
1204 879 1253 916 nos

430 937 591 1005 Praecipitis
608 936 682 989 16116
701 936 821 991 Rutulus
839 937 1004 1005 flammaque
1021 938 1175 1007 premebat,

425 1012 564 1081 'Rupimus
579 1012 682 1066 invitae
700 1015 749 1066 tua
766 1012 879 1077 vincula,
898 1016 982 1080 teque
1000 1031 1050 1081 por
1067 1030 1171 1082 aequor

429 1089 599 1153 Quaerimus,
635 1088 715 1142 Hanc
733 1088 866 1143 Genetrix
885 1088 982 1142 faeiem
1001 1090 1131 1144 miserata
1148 1090 1253 1157 refecit,

429 1166 466 1219 Et
484 1165 563 1219 dedit
581 1181 642 1219 esse
659 1165 733 1231 deas,
752 1180 905 1231 aevumque
924 1165 1030 1230 agitare
1049 1166 1099 1219 sub
1118 1167 1205 1220 undis.
1237 1160 1283 1221 'aas

430 1244 470 1295 At
487 1258 557 1309 puer
576 1241 711 1294 Ascanius
729 1256 807 1292 muro
824 1240 961 1307 fossisque
980 1244 1092 1294 tenetur

429 1317 495 1370 Tela
512 1318 585 1370 inter
603 1316 696 1370 media
713 1320 798 1383 atque
818 1316 957 1369 horrentis
977 1316 1069 1371 Marte
1088 1318 1207 1372 Latinos

431 1392 491 1444 Iam
508 1393 567 1446 loca
583 1394 656 1446 iussa
679 1394 760 1445 tenet
786 1392 852 1445 forti
870 1392 1025 1460 permixtus
1044 1393 1159 1447 Etrusco

431 1468 518 1521 Arcas
535 1485 628 1537 eques.
664 1469 771 1522 Medias
788 1468 842 1521 illis
860 1484 998 1535 opponere
1015 1472 1128 1538 turmas,

431 1544 474 1596 Ne
491 1544 589 1598 castris
606 1545 728 1613 iungant,
746 1547 884 1601 certarest
903 1545 1039 1598 sententia
1059 1545 1156 1600 Turno.
1247 1561 1284 1599 646

430 1620 518 1687 Surge
536 1637 595 1689 age,
613 1623 643 1676 et
662 1621 771 1674 Aurora
788 1620 874 1673 socios
892 1620 1018 1676 veniente
1035 1622 1125 1675 vocari

432 1696 539 1750 Primus
550 1698 579 1750 in
591 1713 667 1750 arma
678 1696 750 1764 iube,
763 1700 792 1750 et
803 1696 921 1765 clipeum
934 1712 1008 1765 cape,
1022 1713 1103 1766 quem
1116 1697 1195 1753 dedit
1206 1700 1265 1766 ipse

431 1773 566 1826 Invictum
578 1772 748 1841 Ignipotens,
766 1774 851 1840 atque
867 1787 930 1825 oras
948 1771 1046 1827 ambiit
1063 1790 1136 1830 auro.

430 1848 557 1903 Crastina
574 1849 629 1914 lux,
648 1865 710 1903 mea
728 1848 751 1901 si
769 1864 821 1901 non
838 1848 921 1902 inrita
938 1848 1012 1902 dicta
1029 1849 1142 1918 putaris,

430 1925 556 1993 Ingentis
575 1926 696 1980 Rutulae
716 1923 851 1993 spectabit
870 1924 961 1978 caedis
979 1941 1096 1980 acervos.
1247 1938 1284 1977 aas

431 2001 558 2054 Dixerat:
577 2005 607 2055 et
625 2001 725 2054 dextra
743 1999 887 2054 discedens
914 2000 1016 2068 inpulit
1034 2001 1126 2068 altam,

431 2075 515 2128 Haud
532 2077 628 2142 ignara
646 2076 727 2141 modi,
746 2074 867 2146 puppim.
904 2075 988 2142 Fugit
1006 2075 1053 2127 illa
1070 2092 1120 2142 per
1137 2075 1224 2128 undas

431 2149 512 2203 Ocior
530 2154 559 2203 et
576 2151 663 2203 iaculo
682 2152 711 2203 61
728 2153 826 2203 ventos
843 2154 980 2217 aequante
999 2150 1109 2216 sagitta.

432 2224 502 2277 Inde
519 2226 589 2278 aliae
607 2225 728 2277 celerant
745 2240 849 2277 cursus.
884 2224 984 2290 Stupet
1001 2224 1102 2277 inscius
1120 2225 1178 2291 ipse

431 2299 498 2352 Tros
517 2299 713 2364 Anchisiadcs;
731 2299 834 2352 animos
851 2302 944 2352 tamen
963 2300 1052 2353 661166
1071 2299 1150 2353 161111.
1248 2314 1284 2352 666

431 2375 500 2428 Tum
517 2375 639 2429 breviter
651 2393 750 2446 supera
761 2377 923 2445 adspectans
934 2391 1053 2427 convexa
1071 2378 1212 2443 precatur:

433 2452 514 2504 Alma
531 2468 629 2519 parens
649 2450 735 2504 Idaea
753 2450 843 2514 deum,
862 2450 905 2502 cui
923 2449 1059 2517 Dindyma
1077 2450 1153 2503 cordi
1211 2468 1215 2475 ·

431 2527 647 2596 Turrigeraeque
666 2526 748 2580 urbes
765 2525 908 2594 biiugique
926 2524 962 2578 ad
979 2525 1057 2579 frena
1076 2526 1177 2594 leones,

431 2603 472 2656 Tu
489 2604 556 2657 mihi
574 2621 645 2657 nunc
663 2618 771 2673 pugnae
788 2602 923 2670 prinecps,
942 2604 973 2654 tu
991 2602 1045 2655 rite
1064 2603 1233 2672 propinques

432 2680 595 2747 Augurium,
609 2677 818 2748 Phrygibusque
831 2677 905 2729 adsis
916 2677 995 2744 pede,
1008 2677 1077 2745 diva,
1091 2679 1218 2733 secundo.
1247 2693 1283 2731 255

431 2754 548 2807 Tantum
566 2755 671 2808 effatus.
707 2754 744 2805 111
761 2753 868 2805 interea
886 2752 1010 2805 revoluta
1028 2753 1127 2807 ruebat

431 2830 542 2884 Matura
559 2831 613 2883 iam
631 2829 692 2882 luce
710 2828 777 2895 dies,
796 2831 960 2895 noctemque
978 2828 1102 2895 fugarat:

432 2906 568 2974 Principio
586 2905 665 2958 sociis
683 2903 774 2971 edicit,
793 2903 871 2970 signa
889 2906 1046 2971 sequantur,

432 2983 526 3050 Atque
544 2982 647 3035 animos
666 2983 763 3048 aptent
782 2979 872 3045 armis,
891 2995 1054 3047 pugnaeque
1072 2983 1171 3048 parent
1188 2996 1224 3037 se.

431 3059 546 3127 Iamque
564 3058 592 3110 in
610 3059 759 3124 conspeetu
778 3054 897 3109 Teucros
915 3053 1000 3108 habet
1018 3058 1047 3109 et
1065 3071 1114 3108 666
1132 3059 1229 3123 666116,
1248 3071 1284 3108 aa)

431 3134 512 3187 Stans
529 3135 601 3188 celsa
617 3134 646 3186 in
663 3132 757 3202 puppi,
775 3132 894 3200 clipeum
912 3147 973 3185 cum
992 3131 1093 3186 deinde
1112 3132 1222 3185 sinistra

432 3210 538 3263 Extulit
556 3211 706 3264 ardentem.
743 3209 896 3262 Clamorem
914 3208 951 3261 ad
969 3208 1060 3261 sidera
1078 3209 1178 3262 tollunt

431 3285 606 3339 Dardanidae
625 3303 641 3340 e
659 3287 759 3350 muris;
778 3302 840 3353 spes
857 3284 954 3338 addita
973 3285 1087 3339 suscitat
1105 3286 1175 3351 iras3

431 3358 496 3413 Tela
513 3378 595 3413 manu
612 3362 728 3426 iaciunt3
747 3362 841 3431 quales
859 3361 910 3414 sub
927 3361 1046 3415 nubibus
1064 3362 1132 3415 atris

431 3437 602 3504 Strymoniae
615 3436 682 3491 dant
695 3439 772 3505 signa
783 3453 873 3505 grues,
885 3440 969 3506 atque
982 3439 1094 3492 aethera
1106 3440 1220 3492 tranant
1246 3450 1289 3485 aee

432 3513 502 3566 Cum
521 3512 619 3578 sonitu,
637 3512 801 3582 fugiuntque
819 3513 911 3569 Notos
928 3514 1054 3568 clamore
1070 3511 1212 3565 6666666.

421 3592 469 3641 -At
486 3587 589 3641 Rutulo
607 3590 667 3657 regi
686 3590 866 3662 ducibusque
885 3609 922 3647 ea
937 3592 1019 3645 mira
1032 3586 1138 3641 uideri

417 3664 556 3730 Ausoniis,
578 3664 670 3721 donec
687 3686 790 3725 versas
809 3669 850 3725 ad
865 3669 965 3725 litora
981 3663 1098 3735 puppis
