3467 4367
471 644 519 692 262
698 642 728 689 P.
746 641 900 690 VERGILI
925 639 1092 689 MARONIS

471 721 612 788 Constitit,
630 724 694 775 ante
713 722 807 775 Iovem
825 721 940 789 supplex
957 738 1007 789 per
1023 724 1087 775 vota
1103 721 1246 790 precatus:

472 797 599 865 Iuppiter
617 798 794 865 omnipotens,
812 796 962 851 audacibus
979 796 1069 850 adnue
1087 797 1197 864 coeptis.
1285 812 1323 851 aas

391 893 397 899 ·
472 873 537 941 Ipse
556 873 608 927 tibi
625 872 662 926 ad
679 878 728 927 tua
746 873 849 941 templa
866 873 954 927 feram
972 873 1112 927 sollemnia
1130 872 1209 940 dona,

471 950 509 1003 Et
527 953 647 1004 statuam
665 953 730 1003 ante
748 966 809 1002 aras
827 952 924 1003 aurata
939 950 1031 1003 fronte
1048 950 1200 1017 iuvencum,

472 1025 649 1090 Gaudentem,
666 1025 826 1094 pariterque
844 1029 927 1093 caput
944 1042 1005 1079 cum
1023 1029 1112 1079 matre
1129 1026 1272 1091 ferentem,

473 1102 532 1155 Iam
550 1118 634 1155 <orna
649 1104 729 1171 petat
746 1104 775 1155 et
792 1101 910 1169 pedibus
928 1102 975 1169 qui
993 1104 1105 1169 spargat
1120 1118 1239 1155 arenam.

473 1178 571 1231 Audiit
590 1180 620 1231 et
636 1178 705 1232 caeli
724 1177 839 1232 Genitor
857 1177 893 1231 de
911 1180 991 1245 parte
1009 1194 1106 1232 serena
1286 1193 1325 1231 aaa

473 1254 598 1307 Intonuit
615 1253 737 1319 laevum3
760 1256 840 1307 sonat
857 1269 912 1307 una
929 1252 1022 1307 fatifer
1038 1270 1125 1307 arcus.

472 1330 576 1397 Effugit
593 1328 761 1383 horrendum
779 1329 900 1383 stridens
917 1328 1038 1383 adducta
1055 1330 1164 1397 sagitta,

472 1405 581 1474 Perque
599 1409 681 1473 caput
699 1404 808 1459 Remuli
825 1404 902 1458 venit
920 1407 949 1458 et
966 1420 1032 1458 cava
1049 1397 1174 1474 tempora
1190 1405 1265 1479 ferro

472 1480 591 1535 Traiicit.
628 1481 650 1547 1,
669 1480 760 1534 verbis
777 1480 909 1534 virtutem
926 1480 1020 1534 inlude
1037 1481 1177 1549 superbis!
1322 1536 1325 1539 ,

475 1556 520 1611 Bis
532 1557 606 1625 capti
619 1557 741 1623 Phryges
753 1556 820 1609 haec
833 1555 943 1609 Rutulis
954 1573 1084 1624 responsa
1099 1557 1252 1611 remittunt.
1286 1572 1324 1612 aas

472 1633 534 1686 Hoc
551 1637 658 1687 tantum
678 1633 827 1696 Ascanius3
847 1632 944 1686 'leucri
962 1632 1078 1687 clamore
1097 1636 1248 1701 sequuntur

472 1708 645 1777 Laetitiaque
661 1708 784 1762 fremunt
801 1708 960 1776 animosque
978 1707 1014 1761 ad
1032 1708 1123 1763 sidera
1140 1709 1248 1763 tollunt

472 1784 606 1838 Aetheria
623 1786 683 1837 tum
700 1784 772 1837 forte
790 1783 872 1851 plaga
888 1784 1003 1838 crinitus
1021 1784 1121 1851 Apollo

372 1884 375 1891 ·
472 1860 598 1928 Desuper
616 1860 752 1913 Ausonias
770 1859 843 1913 acies
859 1858 1012 1928 urbemque
1029 1860 1148 1928 videbat,

472 1935 554 1990 Nube
572 1936 678 2003 sedens,
697 1938 781 2003 atque
799 1935 843 1989 his
860 1935 993 1990 victorem
1013 1936 1124 1990 adfatur
1144 1936 1249 1991 Iulum:
1285 1951 1324 1991 clo

472 2012 565 2066 Macte
582 2029 652 2066 nova
668 2011 779 2080 virtute,
798 2028 882 2080 puer3
906 2011 945 2066 sic
962 2012 1019 2066 itur
1036 2013 1073 2066 ad
1091 2016 1173 2080 astra,

473 2088 523 2141 Dis
539 2090 634 2157 genite
653 2091 683 2142 et
697 2087 824 2157 geniture
843 2087 917 2142 deos.
952 2088 1018 2143 Iure
1037 2089 1127 2143 omnia
1145 2089 1218 2143 bella

472 2164 562 2219 Gente
580 2165 631 2218 sub
650 2164 779 2219 Assaraci
795 2164 853 2218 fato
870 2166 987 2218 ventura
1005 2165 1142 2231 resident3

473 2240 531 2294 Nec
548 2244 578 2295 te
596 2241 677 2295 Troia
693 2240 775 2309 capit.
810 2240 896 2293 Simul
913 2239 981 2293 haec
999 2240 1097 2294 effatus
1114 2240 1150 2294 ab
1168 2243 1225 2293 alto
1297 2277 1306 2288 .

473 2316 597 2371 Aethere
615 2333 645 2370 se
663 2316 758 2383 mittit,
776 2316 907 2385 spirantis
925 2315 1046 2370 dimovet
1064 2331 1151 2384 auras,
1285 2329 1324 2370 aas

473 2393 677 2461 Ascaniumque
694 2391 773 2460 petit.
809 2391 938 2444 Formam
956 2396 1016 2446 tum
1033 2392 1153 2446 vertitur
1170 2391 1226 2445 oris

474 2467 629 2536 Antiquam
645 2467 674 2519 in
692 2467 794 2520 Buten.
830 2466 885 2519 Hic
904 2466 1043 2521 Dardanio
1062 2468 1200 2522 Anchisae

474 2544 604 2611 Armiger
621 2545 686 2595 ante
703 2542 756 2595 fuit
774 2541 901 2609 fidusque
919 2542 956 2596 ad
974 2542 1068 2597 limina
1085 2548 1191 2609 custos3

473 2618 542 2671 Tum
560 2618 687 2671 comitem
706 2617 824 2670 Ascanio
840 2621 921 2686 pater
938 2618 1055 2674 addidit.
1092 2619 1156 2673 Ibat
1174 2618 1275 2688 Apollo

474 2693 573 2747 Omnia
589 2693 719 2761 longaevo
738 2692 840 2759 similis,
859 2709 1008 2762 vocemque
1025 2694 1198 2763 coloremque
1284 2708 1324 2748 aso

474 2772 511 2824 Et
528 2769 609 2823 crinis
627 2768 703 2823 albos
721 2771 750 2822 et
768 2784 848 2823 saeva
865 2768 1007 2822 sonoribus
1024 2786 1107 2838 arma,
1124 2810 1131 2823 .

474 2846 569 2914 Atque
585 2845 629 2898 bis
645 2844 788 2899 ardentem
807 2844 888 2898 dictis
906 2844 1017 2899 adfatur
1036 2845 1139 2900 Iulum:

474 2921 517 2976 Sit
534 2922 608 2989 satis,
627 2921 744 2989 Aenide,
761 2920 825 2975 telis
842 2920 944 2989 inpune
962 2920 1120 2974 Numanum

474 3000 630 3069 Oppetiisse
647 2999 718 3063 tuis;
740 2998 857 3067 primam
875 2997 944 3051 hanc
961 2998 1013 3051 tibi
1030 3014 1146 3066 magnus
1165 2996 1264 3067 Apollo

476 3074 608 3129 Concedit
625 3074 743 3142 laudem,
762 3078 792 3127 et
808 3073 920 3142 paribus
937 3090 991 3128 non
1008 3074 1114 3128 invidet
1130 3074 1227 3139 armis;
1286 3088 1325 3129 aas

475 3151 575 3205 Cetera
593 3166 681 3218 paroc,
700 3167 776 3217 puer,
794 3148 874 3203 bello.
910 3149 954 3203 Sic
971 3165 1050 3204 orsus
1068 3149 1168 3219 Apollo

475 3226 601 3280 Mortalis
617 3225 708 3279 medio
726 3229 852 3294 aspectus
870 3242 995 3281 sermone
1012 3226 1132 3295 reliquit,

475 3304 512 3357 Et
529 3304 623 3371 procul
641 3301 670 3353 in
687 3304 799 3354 tenuem
818 3317 853 3355 ex
870 3301 955 3355 oculis
972 3302 1083 3356 evanuit
1101 3318 1203 3356 auram.

476 3378 642 3445 Adgnovere
660 3376 743 3430 deum
760 3393 887 3444 proceres
905 3377 1053 3446 divinaque
1069 3377 1128 3432 tela

468 3454 656 3523 Dardanidae,
675 3452 889 3524 pharetramque
905 3453 971 3523 fuga
989 3469 1099 3508 sensere
1117 3456 1268 3508 sonantem.
1287 3468 1325 3506 aaa

452 3528 536 3598 Ergo
554 3533 672 3590 aridum
691 3549 809 3606 pugnae
827 3530 913 3587 dictis
928 3548 963 3586 ae
977 3529 1090 3583 numine
1102 3528 1212 3581 thudun

440 3608 610 3669 Ascanium
630 3613 815 3687 prohibent3
836 3609 897 3685 ipsi
915 3610 948 3665 in
965 3603 1122 3662 certamina
1133 3616 1233 3685 rursus

425 3680 621 3766 Succedunt,
643 3695 832 3768 animasque
846 3693 881 3749 iu
901 3690 1010 3760 aperta.
1022 3676 1153 3751 parienda
1165 3673 1295 3725 uuttuut.
