3467 4367
483 632 510 676 si
584 595 588 604 ’
709 620 1096 671 P.VERG1L1MARONIS

477 708 622 774 ingentem
640 704 715 757 eaelo
733 704 852 756 sonitum
871 702 964 767 dedit;
983 703 1047 755 inde
1065 705 1176 756 secutus

479 784 531 836 Per
548 798 638 835 ramos
656 780 742 833 vietor
759 795 863 848 perque
882 779 938 832 alta
957 780 1097 832 eacumina
1113 784 1221 850 regnat,

476 860 620 912 Et·totum
637 856 751 910 involvit
770 855 886 908 flammis
904 872 1007 923 nemus,
1026 860 1054 909 et
1072 858 1129 910 ruit
1146 862 1238 912 atram

476 935 525 989 Ad
543 935 647 988 eaelum
664 932 742 1001 picea
761 948 867 985 crassus
887 931 1002 998 ealigine
1021 931 1127 1001 nubem,

477 1011 642 1065 Praesertim
661 1009 685 1061 si
703 1009 853 1077 tempestas
874 1024 891 1060 a
909 1007 1012 1061 vertice
1030 1009 1104 1063 silvis
1298 1024 1333 1063 ³10
1373 1067 1376 1072 ,

476 1087 613 1154 Incubuit,
631 1086 821 1153 glomeratque
839 1084 931 1137 ferens
941 1084 1075 1139 'incendia
1092 1092 1198 1141 ventus.

476 1163 537 1216 Hoc
555 1163 609 1228 ubi,
628 1178 680 1215 non
699 1178 715 1214 a
735 1163 821 1229 stirpe
840 1159 934 1215 valent
952 1178 1104 1231 caesaeque
1121 1164 1225 1217 reverti

422 1270 425 1275 ·
477 1239 596 1292 Possunt
614 1242 697 1306 atque
715 1239 769 1290 ima
786 1238 888 1292 similes
907 1238 1074 1292 revirescere
1092 1242 1182 1302 terrn;

477 1315 577 1368 Infelix
595 1318 706 1382 superat
723 1314 795 1368 foliis
814 1316 933 1368 oleaster
950 1314 1056 1367 amaris.

511 1392 569 1444 Nee
581 1391 632 1444 tibi
644 1395 701 1444 tam
714 1389 835 1459 prudens
850 1392 995 1459 quisquam
1007 1390 1173 1458 persuadeat
1184 1395 1284 1445 auster
1299 1406 1333 1446 ms

476 1466 611 1521 Tellurem
630 1467 719 1520 Borea
737 1466 856 1535 rigidam
878 1468 999 1535 spirante
1016 1482 1131 1521 movere.

477 1543 553 1595 Rura
569 1544 634 1611 gelu
651 1547 716 1596 tune
736 1543 839 1596 claudit
858 1544 971 1611 hiemps,
993 1559 1044 1595 nee
1060 1543 1164 1596 semine
1181 1544 1255 1600 iaeto

476 1619 637 1672 Concretanr
655 1620 760 1687 patitur
779 1619 899 1673 radicem
918 1619 1039 1687 adfigere
1056 1623 1154 1673 terrae.

476 1694 597 1763 Optuma
614 1695 712 1748 vinetis
732 1696 809 1764 satie,
829 1712 890 1749 eum
910 1713 973 1750 vere
991 1695 1102 1749 rubenti

476 1770 600 1825 Oandida
617 1772 692 1825 venit
712 1773 769 1825 avis
788 1773 876 1841 longis
895 1773 981 1825 invisa
999 1772 1123 1840 colubris,
1300 1788 1336 1830 aa)

477 1844 569 1900 Prima
586 1849 628 1901 vel
646 1850 769 1902 autumni
790 1849 840 1902 sub
860 1849 969 1917 frigora,
990 1865 1051 1901 curn
1070 1848 1181 1916 rupidus
1199 1849 1247 1904 Sol

476 1920 605 1976 Nondum
617 1924 734 1977 hiemem
748 1926 883 1994 eontingit
899 1926 984 1993 equis,
1000 1924 1054 1978 iarn
1066 1925 1199 1993 praeterit
1211 1929 1312 1983 aestas

477 1998 535 2053 Ver
552 2000 622 2054 adeo
639 2001 729 2054 frondi
750 2018 900 2068 nemorum,
922 2019 971 2055 ver
989 2001 1057 2054 utile
1075 2000 1156 2069 silvis,

477 2075 551 2130 Vere
569 2081 677 2131 tument
695 2081 787 2132 terrae
809 2080 838 2131 et
855 2079 987 2146 genitalia
1005 2077 1108 2131 semina
1125 2081 1250 2145 poscunt

476 2152 545 2207 Tum
562 2158 642 2223 pater
653 2157 823 2225 omnipotens
846 2154 970 2208 fecundis
990 2154 1122 2208 imbribus
1141 2154 1251 2209 Aether
1301 2170 1336 2211 aas

476 2230 605 2298 Coniugis
622 2231 651 2284 in
668 2233 804 2300 gremium
823 2233 913 2285 laetae
934 2230 1083 2299 deseendit,
1100 2236 1131 2288 et
1148 2231 1237 2286 omnis

475 2305 594 2374 Magnus
611 2308 784 2376 alit,magno
807 2308 970 2362 commixtus
989 2323 1109 2375 eorpore,
1128 2307 1208 2361 fetus.

477 2383 548 2436 Avia
564 2386 625 2438 tum
642 2389 770 2438 resonant
791 2384 886 2437 avibus
908 2384 1026 2451 virgulta
1044 2384 1156 2451 canoris,

479 2458 514 2511 Et
532 2459 668 2513 Venerem
685 2461 770 2513 certis
790 2462 921 2529 repetunt
941 2464 1065 2513 armenta
1084 2459 1197 2526 diebus3

478 2534 601 2588 Parturit
619 2535 706 2588 almus
724 2552 797 2604 ager,
821 2536 994 2606 Zephyrique
1013 2536 1172 2605 tepentibus
1190 2539 1266 2591 aurls
1300 2551 1336 2592 aso

479 2611 584 2663 laxant
602 2627 667 2664 arva
684 2612 775 2678 sinus;
796 2618 908 2681 superat
928 2616 1008 2666 tener
1026 2613 1150 2666 omnibus
1168 2612 1284 2680 humor;

479 2687 565 2754 lnque
583 2703 668 2740 novos
686 2689 755 2742 soles
773 2690 877 2743 audent
895 2706 925 2743 se
942 2691 1066 2758 gramina
1083 2692 1144 2743 tuto

477 2762 611 2829 Credere;
629 2780 680 2818 nee
698 2766 798 2820 metuit
820 2767 958 2834 surgentis
975 2767 1119 2836 pampinus
1136 2771 1245 2822 austros
1265 2765 1268 2772 ’

477 2840 537 2894 Aut
554 2843 646 2893 aetum
663 2842 738 2895 eaelo
758 2845 863 2911 magnis
885 2843 1057 2911 aquilonibus
1075 2843 1199 2911 imbrem,

477 2916 533 2970 Sed
551 2917 640 2971 trudit
658 2935 779 2986 gemmae
800 2923 830 2973 et
848 2918 960 2973 frondes
982 2919 1100 2988 explieat
1119 2920 1211 2974 omnis.
1302 2934 1338 2976 tet

478 2992 539 3046 Non
556 2993 623 3046 alios
641 2996 730 3063 prima
748 2995 897 3049 crescentis
919 2996 1025 3064 origine
1043 2995 1136 3049 mundi

479 3068 614 3123 Inluuisse
633 3070 692 3124 dies
711 3071 827 3125 aliumve
846 3071 975 3125 habuisse
995 3075 1119 3125 tenorem

478 3145 663 3202 Crediderim:
682 3164 731 3201 rer
748 3148 815 3201 illud
835 3151 904 3215 erat,
923 3164 971 3201 ver
989 3164 1102 3215 magnus
1119 3147 1221 3215 agebat

478 3222 566 3289 Orbis,
587 3228 616 3277 et
634 3224 754 3277 hibernis
774 3224 925 3293 parcebant
947 3223 1058 3277 flatibus
1077 3223 1155 3277 Euri:

479 3300 548 3352 (lum
566 3301 671 3369 primae
690 3301 777 3353 lueem
796 3299 916 3369 pecudes
936 3299 1060 3366 hausere,
1079 3300 1223 3369 virumque
1302 3314 1340 3356 ste

482 3375 584 3429 Ferrea
602 3378 746 3444 progenies
766 3375 841 3429 duris
861 3379 944 3444 eaput
963 3376 1063 3430 extulit
1082 3375 1160 3444 arvis,

478 3451 669 3519 inmissaeque
686 3452 763 3505 ferae
783 3452 858 3505 silvis
877 3455 907 3505 et
925 3452 1019 3505 sidera
1036 3452 1120 3505 eaelo.

460 3526 525 3578 Nee
540 3544 590 3579 res
608 3530 684 3583 hune
703 3533 822 3585 tenerae
842 3533 962 3601 possent
977 3528 1110 3598 perterre
1121 3525 1265 3588 laborem,

443 3597 478 3647 Si
495 3616 552 3653 non
577 3608 663 3660 tanta
685 3610 774 3680 quies
794 3610 855 3664 iret
874 3608 1030 3678 frigusque
1050 3602 1232 3660 ealorennimi

428 3668 524 3739 s¹¹⁸⁰b
549 3683 584 3734 et
605 3686 772 3757 exciperet
793 3687 874 3745 aeoli
892 3677 1087 3753 indulgentia
1104 3676 1211 3725 terras.
1354 3674 1374 3709 v
