3467 4367
469 614 516 663 312
696 608 726 658 P.
747 606 899 657 VERGILI
916 605 1084 655 MARONIS

468 688 555 744 Obliti
573 688 668 757 ignoto
684 703 840 757 camporum
857 687 886 741 in
905 687 1016 755 pulvere
1033 686 1174 755 linquunt3

470 765 537 834 Opis
555 765 592 819 ad
609 764 761 818 aetherium
778 764 876 833 pennis
894 764 1018 816 aufertur
1037 762 1189 832 Olympum.

504 840 596 893 Prima
613 839 691 907 fugit,
709 837 819 892 domina
837 839 944 906 amissa,
962 838 1030 892 levis
1047 839 1091 893 sla
1109 839 1259 903 Camillam

468 908 582 970 'l'urbati
600 916 709 983 lugiunt
728 916 832 985 Rutuli,
850 914 922 984 fugit
940 933 1002 970 acer
1021 916 1129 985 Atinas,

469 992 639 1061 Disiectique
657 992 742 1046 duces
760 992 931 1060 desolatique
949 991 1061 1061 manipli
1287 1005 1327 1048 ero
1371 1053 1378 1070 ,

468 1068 540 1123 'l'nta
557 1072 663 1137 petunt,
681 1073 710 1121 et
728 1068 807 1138 cquis
824 1068 913 1123 aversi
931 1067 1092 1121 admoenia
1108 1069 1235 1123 tendunt

469 1144 529 1198 Nec
547 1144 691 1214 qnisquam
709 1144 838 1198 instantis
856 1144 975 1198 Teucros
993 1143 1134 1211 letumque
1151 1143 1266 1199 ferentis

470 1222 633 1275 Sustentare
651 1220 725 1275 valet
742 1220 814 1289 telis,
832 1223 882 1275 ant
900 1220 997 1275 sistere
1015 1223 1124 1284 emim

467 1296 523 1350 Sed
540 1296 618 1350 laxos
635 1297 759 1351 referunt
776 1296 899 1350 humeris
917 1296 1113 1364 languentibus
1130 1312 1217 1364 arcus,
1260 1323 1263 1327 -

467 1372 739 1443 Quadrupedumqne
751 1376 861 1441 putrem
874 1389 955 1427 cursu
972 1373 1062 1440 quatit
1077 1371 1179 1439 ungula
1189 1389 1325 1443 eampum

468 1448 597 1504 Volvitur
614 1449 651 1504 ad
668 1466 761 1503 muros
778 1449 896 1518 caligine
913 1447 1042 1502 turbidus
1059 1450 1120 1502 atra
1231 1459 1232 1463 ’
1288 1463 1326 1503 src

468 1523 569 1593 Pulvis,
588 1529 618 1580 et
636 1542 652 1579 c
670 1526 787 1594 speculis
804 1540 951 1594 percussae
969 1526 1083 1593 pectora
1100 1526 1203 1577 matres

468 1600 628 1655 Femineum
646 1602 791 1655 clamorem
810 1601 846 1655 ad
864 1600 933 1655 eecli
951 1600 1042 1654 sidera
1060 1599 1168 1655 tollunt

469 1676 521 1740 Qui
541 1694 622 1731 cursu
640 1682 733 1746 portas
751 1678 833 1747 primi
850 1678 981 1746 inrupere
997 1676 1126 1745 patentis,

469 1752 528 1805 Hos
546 1752 656 1810 inimica
674 1770 757 1821 snper
774 1753 862 1808 mixto
880 1752 982 1821 premit
1000 1752 1108 1819 agmine
1125 1752 1223 1819 turba3
1288 1762 1326 1803 sso

466 1827 492 1879 N
494 1843 526 1881 ec
543 1828 670 1881 miseram
689 1828 825 1895 effugiunt
842 1831 968 1896 mortem,
986 1827 1037 1882 sod
1054 1827 1148 1881 limine
1166 1828 1194 1882 in
1212 1828 1273 1898 ipso

465 1901 610 1957 Moenibus
627 1904 655 1958 in
673 1903 770 1973 patriis
787 1906 872 1973 atque
889 1901 964 1957 inter
981 1906 1043 1958 tuta
1060 1903 1203 1957 domorum

465 1978 574 2033 (lonfixi
593 1980 734 2048 exspirant
751 1977 863 2034 animas.
901 1979 970 2033 Pars
989 1979 1116 2051 claudere
1132 1982 1243 2048 portas3

465 2054 523 2109 Nec
541 2055 621 2109 sociis
639 2055 747 2124 aperire
765 2055 846 2123 viarm
862 2071 914 2110 nec
931 2054 1075 2110 moenibus
1094 2054 1197 2110 audent

464 2130 599 2199 Accipere
617 2132 734 2197 orantis;
753 2130 896 2201 oriturque
914 2131 1066 2186 miserrima
1083 2131 1182 2185 caedes
1286 2148 1325 2188 sss

465 2204 668 2261 Defendcntum
686 2209 770 2262 armis
788 2208 889 2278 aditus,
908 2208 992 2277 inque
1010 2224 1087 2261 arma
1104 2210 1241 2264 ruentum.

464 2281 574 2336 Exclusi
591 2288 657 2338 ante
675 2286 766 2339 oculos
784 2284 1032 2351 lacrimantnmqne
1048 2299 1096 2337 ora
1112 2286 1260 2351 parentum

465 2357 533 2412 Pars
551 2357 580 2411 in
598 2360 758 2429 praecipitis
777 2361 863 2415 fossas
882 2363 1018 2427 urguente
1035 2358 1114 2413 ruina

464 2432 598 2503 Volvitur,
617 2436 736 2489 inmissis
753 2454 817 2506 pars
835 2453 916 2491 caeca
934 2439 963 2489 et
981 2435 1087 2499 concita
1104 2435 1190 2490 nonis

466 2510 577 2565 Arietat
595 2512 624 2564 in
642 2517 735 2581 portas
754 2517 783 2567 et
801 2513 885 2566 duros
905 2510 992 2565 obiice
1010 2511 1103 2580 postis
1287 2528 1325 2567 seo

466 2586 545 2654 ipsae
564 2587 600 2640 de
618 2589 704 2641 muris
723 2595 828 2641 summo
847 2588 998 2643 certamine
1014 2590 1159 2654 matres,-

464 2661 601 2717 Monstrat
619 2680 695 2717 amor
712 2681 794 2718 verns
812 2665 987 2733 patriae—ut
1005 2663 1099 2717 videre
1120 2662 1273 2737 Camillam,

463 2736 528 2792 'l'ola
545 2755 627 2793 manu
646 2740 772 2809 trepidae
789 2740 900 2809 iaciunt,
920 2756 951 2794 ac
968 2739 1066 2793 robore
1085 2739 1154 2793 duro

463 2814 611 2883 stipitibus
629 2817 733 2869 ferrum
753 2816 923 2886 sudibusque
940 2816 1084 2871 imitantur
1101 2815 1207 2871 obustis

465 2890 641 2961 Praecipites,
654 2893 814 2961 primaeque
826 2892 896 2946 mori
909 2909 958 2961 pro
970 2891 1113 2946 moenibus
1125 2891 1233 2950 ardent.
1286 2908 1325 2950 ses

499 2967 610 3023 Interea
629 2969 750 3022 Turnum
767 2969 796 3038 ip
815 2969 891 3023 silvis
911 2968 1085 3023 saevissimus
1103 2968 1191 3038 inplet

464 3042 590 3111 Nuntius,
609 3049 638 3098 et
655 3045 746 3099 inveni
764 3044 906 3115 ingentem
924 3045 980 3099 fert
998 3045 1074 3098 Aeca
1091 3044 1260 3100 tumultum:

464 3116 576 3173 Deletae
598 3120 756 3175 Volscorum
775 3122 855 3190 acies,
874 3120 1005 3176 cecidisse
1025 3119 1175 3187 Camillam,

465 3194 598 3262 Ingrncre
616 3196 736 3251 infensos
754 3198 848 3265 hostis,
867 3200 898 3252 et
916 3196 1007 3251 Marte
1026 3194 1144 3250 secundo

465 3269 562 3323 Omnia
579 3272 749 3340 corripuisse,
769 3276 874 3328 metum
892 3272 946 3326 iam
964 3271 1001 3325 ad
1018 3272 1125 3327 moenia
1141 3270 1219 3327 feni.
1285 3287 1326 3328 aco

465 3345 515 3399 Ille
532 3346 689 3402 fimens-et
708 3366 789 3403 saera
807 3349 882 3403 Iovis
900 3350 938 3403 sic
955 3348 1065 3402 numina
1082 3351 1229 3418 poscunt-

462 3419 575 3479 Deserit
592 3422 717 3477 0bsessos
735 3425 818 3490 collis,
836 3441 948 3479 nemora
966 3441 1063 3494 aspera
1079 3422 1187 3493 linquit

457 3497 509 3554 Vix
528 3519 545 3558 e
561 3505 717 3574 conspectu
736 3501 847 3559 exierat
864 3518 1046 3571 campumque
1059 3499 1184 3566 tenebat,

438 3576 513 3635 Cum
530 3584 624 3653 pater
642 3583 776 3652 Aeneas,
796 3578 890 3637 saltus
905 3578 1053 3645 ingressus
1067 3575 1191 3639 apsrms,

423 3652 666 3738 &superatque
688 3664 798 3737 iugum
816 3658 956 3727 silvaque
973 3646 1075 3707 esame
1089 3658 1186 3710 opem.
1313 3656 1359 3692 w
