3467 4367
677 634 871 683 -AENEIDOS
887 633 957 684 LIB.
976 636 1026 685 XI.
1248 639 1293 689 291

479 712 524 767 sie
542 713 582 767 aii
600 713 772 767 inlacrimans
790 714 942 783 recipitque
961 717 998 769 ad
1015 716 1109 773 limina
1125 734 1258 789 gressum,

441 789 547 858 Corpus
565 789 613 842 ubi
632 789 888 859 exanimilpositum
908 791 1039 846 Pallantis
1057 797 1178 850 Acoetes
1271 808 1296 847 so

441 865 576 921 Servabat
595 867 691 933 senior,
711 866 757 934 qui
778 866 923 920 Parrhasio
942 868 1070 924 Euandro

441 942 572 1010 Armiger
590 945 655 995 ante
673 942 734 1009 fuit,
753 941 802 995 sed
820 958 873 995 non
893 943 1017 998 felicibus
1035 963 1122 1015 aeque

440 1018 510 1071 Tum
528 1035 617 1072 comes
636 1016 763 1087 auspiciis
781 1036 843 1073 caro
862 1020 944 1073 datus
961 1022 1020 1075 ibat
1040 1023 1155 1077 alumno.

441 1095 550 1154 Circum
568 1096 656 1148 omnis
674 1095 860 1164 famulumque
878 1112 974 1149 manus
992 1097 1161 1167 Troianaque
1179 1098 1262 1152 turbu

440 1171 477 1225 Iit
495 1177 629 1226 maestum
649 1171 750 1225 Iliades
768 1172 871 1225 crinem
889 1171 925 1225 de
943 1188 1019 1227 more
1037 1174 1148 1228 solutae.
1270 1191 1294 1229 ³5

439 1248 480 1302 Ut
497 1266 562 1302 vero
581 1250 691 1303 Aeneas
709 1248 812 1301 foribus
831 1265 891 1302 sese
910 1247 1004 1303 intulit
1022 1250 1093 1318 altis,

441 1325 585 1392 Ingentem
603 1325 738 1393 gemitum
756 1324 844 1378 tunsis
862 1324 899 1377 ad
916 1324 1009 1379 sidera
1025 1325 1126 1379 tollunt

440 1401 608 1465 Pectoribus,
626 1405 786 1470 maestoque
803 1401 924 1469 inmugit
943 1402 1020 1469 regia
1037 1401 1120 1455 luctu.

440 1476 512 1545 lpse,
530 1480 613 1545 caput
630 1476 703 1529 nivei
720 1477 819 1529 fultum
840 1476 973 1530 Pallantis
990 1480 1020 1531 et
1038 1493 1086 1531 ora

440 1551 480 1605 Ut
498 1552 568 1605 vidit
585 1552 693 1621 levique
711 1556 809 1621 patens
827 1553 855 1605 in
873 1556 985 1621 pectore
1003 1553 1098 1606 volnus
1269 1566 1294 1605 so

441 1628 567 1695 Cuspidis
586 1628 730 1697 Ausoniae,
748 1628 867 1682 lacrimis
885 1629 924 1683 ita
941 1629 1016 1683 fatur
1033 1628 1151 1684 obortis:

440 1703 520 1770 Tene,
539 1704 635 1773 inquit,
654 1705 807 1759 miserande
825 1723 902 1774 puer,
920 1722 981 1759 cum
999 1706 1073 1761 laeta
1091 1704 1205 1772 veniret,

440 1779 545 1835 Invidit
563 1781 685 1835 Fortuna
703 1782 777 1848 mihi,
794 1799 829 1835 ne
847 1799 933 1851 regna
950 1783 1058 1838 videres

439 1856 548 1925 Nostra,
566 1875 655 1927 neque
673 1858 709 1912 ad
728 1859 808 1912 sedes
828 1860 916 1913 victor
933 1860 1064 1914 veherere
1082 1860 1228 1928 paternasl

439 1933 464 1985 N
466 1951 501 1987 on
518 1935 587 1988 haec
605 1935 733 1988 Euandro
753 1935 788 1988 de
806 1939 835 1988 te
853 1936 987 2004 promissa
1004 1934 1114 2005 parenti
1271 1951 1301 1989 45-

439 2009 590 2063 Discedens
608 2009 747 2078 dederam,
766 2027 828 2067 cum
845 2026 891 2064 me
909 2012 1056 2079 conplexus
1075 2012 1186 2063 euntem

439 2084 566 2138 Mitteret
584 2086 611 2137 in
629 2102 758 2151 magnum
776 2086 921 2153 inperium,
940 2089 1121 2152 metuensque
1138 2086 1263 2139 moneret

441 2159 520 2213 Acris
538 2176 598 2213 esse
615 2158 694 2224 viros,
714 2176 775 2212 cum
794 2160 864 2213 dura
881 2160 985 2227 proelia
1001 2162 1092 2227 gente.

440 2234 477 2286 Et
494 2250 565 2286 nunc
581 2234 628 2287 ille
646 2233 757 2301 quidem
775 2251 824 2301 spe
842 2233 958 2287 multum
977 2239 1073 2303 captus
1091 2233 1164 2287 inani

441 2308 509 2362 nors
527 2313 556 2364 et
573 2314 636 2363 vota
654 2310 727 2377 facit,
745 2310 921 2377 cumulatque
939 2309 1037 2363 altaria
1055 2309 1148 2375 donis;
1247 2311 1292 2364 “so

440 2385 466 2437 N
467 2401 498 2437 os
515 2384 640 2438 iuvenem
658 2385 813 2437 exanimum
831 2388 860 2438 et
877 2385 915 2437 nil
933 2385 987 2438 iam
1005 2385 1168 2439 caelestibus
1186 2385 1250 2439 ullis

441 2461 596 2514 Debentem
614 2478 683 2514 vano
702 2460 798 2513 maesti
818 2461 980 2514 comitamur
997 2462 1106 2515 honore.

442 2537 548 2601 Infelix,
566 2537 624 2590 nati
642 2537 723 2589 funus
741 2536 851 2589 crudele
870 2537 990 2592 videbis!

442 2614 479 2666 Hi
497 2614 583 2667 nostri
598 2612 712 2679 reditus,
732 2614 939 2682 exspectatique
957 2615 1106 2684 triumphil

442 2691 518 2743 Haec
529 2706 590 2742 mea
602 2706 701 2757 magna
713 2689 798 2743 fidesl
811 2690 852 2743 At
863 2706 925 2757 non,
939 2691 1075 2758 Euandre,
1088 2691 1225 2759 pudendis
1268 2707 1292 2745 ss

441 2765 605 2819 Vulneribus
622 2765 730 2833 pulsum
749 2765 881 2834 aspicies;
899 2782 949 2820 nec
967 2767 1069 2835 sospite
1088 2767 1179 2820 dirum

440 2841 556 2910 Optabis
574 2846 638 2895 nato
656 2842 737 2894 funus
755 2846 842 2911 pater.
880 2842 935 2897 Hei
953 2842 1028 2910 mihi,
1047 2845 1180 2912 quantum

441 2918 611 2971 l'raesidimn
634 2918 753 2971 Ausonia
772 2921 800 2971 et
818 2921 952 2986 quantum
971 2923 1003 2972 tu
1020 2918 1122 2988 perdis,
1141 2917 1216 2973 Iule!

476 2995 552 3048 Haec
570 2993 616 3047 ubi
634 2992 754 3059 deflevit,
774 2994 832 3046 tolli
851 2994 1007 3049 miserabile
1025 3011 1122 3061 corpus

443 3072 560 3138 lnperni,
579 3074 608 3124 ct
625 3073 685 3123 toto
703 3068 788 3124 lectos
806 3088 841 3124 ex
859 3070 967 3137 agmine
985 3071 1073 3125 mittit
1266 3079 1291 3119 ⁶⁰

440 3146 515 3200 Mille
533 3147 611 3214 viros,
631 3146 677 3215 qui
696 3164 852 3215 supremum
872 3146 1036 3200 comitentur
1053 3146 1192 3216 honorem,

430 3222 629 3291 intersintque
646 3224 732 3291 patris
751 3221 876 3287 lacrimis,
895 3222 992 3276 solatia
1010 3223 1099 3277 luctus

440 3297 544 3364 Exigua
560 3298 686 3365 ingentis,
705 3299 803 3351 misero
822 3298 873 3352 sed
890 3298 985 3352 debita
1002 3299 1082 3368 patri.

441 3371 525 3425 Haud
542 3389 639 3440 segnes
657 3374 702 3426 alii
721 3374 803 3427 cratis
822 3378 851 3429 et
868 3375 950 3428 molle
968 3374 1101 3429 feretrum

440 3447 573 3501 Arbutsis
591 3452 690 3501 texunt
707 3450 791 3517 virgis
809 3454 839 3503 ct
856 3451 956 3505 vimine
977 3469 1092 3521 querno,
1271 3465 1303 3498 ps

441 3525 659 3591 Exstructosque
678 3528 752 3578 toros
771 3525 892 3583 obtentu
907 3528 1021 3584 irondis
1034 3526 1221 3581 'munument-

430 3600 488 3652 Hr'c
503 3600 631 3654 iuvenem
650 3603 757 3670 agresti
766 3603 937 3663 ,sublimem
955 3606 1102 3663 stramine
1116 3596 1257 3667 wudu.

421 3672 536 3795 Quaggm
558 3676 687 3745 virgineo
709 3681 885 3741 demessum
901 3686 1017 3757 pollice
1036 3682 1149 3735 norem
