3467 4367
567 655 573 665 ·
675 637 859 687 AENEIDOS
882 637 951 686 LIB.
975 636 1055 688 VIII.
1233 639 1279 686 233

428 714 576 769 Accessum
593 715 713 769 lustrans
730 716 783 769 hue
801 732 849 769 ora
866 716 975 771 ferebat
992 720 1029 775 et
1039 718 1110 785 illue,

427 790 564 845 Dentibus
582 792 745 847 infrendens.
782 793 835 846 Ter
852 795 943 847 totum
955 793 1079 848 fervidus
1095 794 1137 849 ira
1245 808 1283 848 aaa

427 866 541 921 Lustrat
561 868 692 921 Aventini
710 872 846 936 montem;
870 872 916 923 ter
933 887 1015 924 saxea
1033 874 1153 940 temptat

427 943 535 997 Limina
551 944 732 1012 nequiquam
756 948 801 999 ter
817 947 906 1000 fessus
923 947 993 1000 valle
1011 946 1122 1001 resedit.

427 1019 525 1074 Stabat
542 1023 623 1073 acuta
641 1020 717 1088 silex,
734 1022 865 1090 praecisis
883 1022 1005 1091 undique
1024 1024 1096 1076 saxis

427 1096 577 1163 Speluncae
595 1095 677 1150 dorso
694 1097 846 1165 insurgens,
863 1099 996 1152 altissima
1013 1100 1080 1167 visu,

426 1171 555 1225 Dirarum
572 1172 646 1225 nidis
664 1172 761 1227 domus
779 1177 933 1243 opportuna
950 1175 1096 1229 voluerum.
1244 1190 1281 1230 aas

427 1248 514 1314 Hanc,
531 1252 563 1303 ut
580 1266 667 1318 prena
683 1250 748 1317 iugo
765 1250 873 1303 lacrum
892 1250 1066 1304 incumbebat
1084 1251 1120 1305 ad
1133 1263 1250 1318 amnem,
1290 1309 1293 1313 ,

426 1323 533 1378 Dexter
549 1326 578 1378 in
595 1325 740 1380 adversum
758 1328 849 1379 nitens
867 1328 1009 1394 concussit,
1028 1332 1057 1380 et
1074 1328 1137 1380 imis

427 1401 558 1455 Avulsam
576 1402 656 1455 solvit
673 1402 826 1467 radicibus3
849 1402 915 1456 inde
933 1407 1047 1471 repente
1129 1448 1139 1464 .

428 1478 546 1545 lupulit;
568 1479 676 1546 inpulsu
694 1495 748 1547 quo
765 1495 910 1532 maxumus
928 1479 1035 1532 intonat
1052 1477 1158 1543 aether,

427 1552 582 1607 Dissultant
599 1556 675 1623 ripae
692 1554 840 1622 refluitque
859 1555 1009 1609 exterritus
1027 1556 1120 1609 amnis.
1243 1569 1281 1608 aec

427 1631 467 1684 At
485 1647 582 1698 specus
600 1634 630 1684 et
649 1631 712 1684 Caci
730 1630 841 1684 detecta
858 1631 986 1699 adparuit
1002 1631 1099 1700 ingens

428 1707 522 1776 Regia,
540 1711 569 1762 et
586 1707 730 1761 umbrosae
747 1708 856 1774 penitus
874 1711 990 1776 patuere
1009 1724 1156 1762 cavernae:

426 1785 451 1837 N
454 1802 487 1837 on
506 1801 590 1852 secus,
609 1801 641 1838 ae
658 1784 680 1836 si
699 1801 754 1852 qua
771 1785 883 1853 penitus
900 1785 927 1837 vi
945 1788 1020 1838 terra
1038 1784 1181 1838 dehiscens

428 1861 552 1914 Infernas
570 1864 676 1915 reseret
694 1861 774 1914 sedes
793 1864 822 1915 et
840 1878 925 1929 regna
943 1861 1068 1915 recludat

427 1937 541 2004 Pallida,
559 1937 603 1991 dis
619 1938 711 2003 invisa,
730 1954 867 2006 superque
886 1936 994 1989 inmane
1011 1936 1171 1990 barathrum
1243 1950 1279 1989 aas

427 2014 570 2081 Cernatur,
589 2012 785 2081 trepidantque
803 2012 915 2065 inmisso
933 2012 1035 2066 lumine
1054 2012 1157 2065 Manes.

428 2089 500 2156 Ergo
518 2089 658 2156 insperata
676 2088 841 2154 deprensum
860 2088 888 2139 in
905 2087 966 2140 luce
984 2091 1097 2156 repente

429 2164 622 2231 Inclusumque
640 2179 706 2215 cavo
724 2179 790 2215 saxo
808 2166 894 2230 atque
911 2163 1018 2215 insueta
1036 2161 1183 2220 rudentem

427 2237 553 2306 Desuper
571 2237 683 2291 Alcides
701 2238 764 2291 telis
781 2238 889 2305 premit,
909 2238 1052 2305 omniaque
1069 2252 1147 2291 arma

428 2313 562 2380 Advocat,
581 2317 610 2367 et
627 2313 710 2365 ramis
728 2312 867 2379 vastisque
885 2312 1033 2365 molaribus
1050 2313 1143 2380 instat.
1243 2328 1280 2368 aee

428 2389 480 2441 llle
498 2393 598 2455 autem,
615 2405 706 2457 neque
724 2388 796 2442 enim
814 2388 880 2455 fuga
897 2388 950 2440 iam
969 2404 1051 2457 super
1069 2388 1125 2442 ulla
1142 2390 1243 2458 pericli,

427 2463 562 2518 Faucibus
579 2465 717 2533 ingentem
735 2465 847 2529 fumum,
865 2464 989 2518 mirabile
1007 2464 1090 2535 dictu,

381 2551 383 2556 '
427 2541 536 2594 Evomit
554 2540 731 2609 involvitque
739 2541 850 2594 domum
868 2541 983 2609 ealigine
1001 2558 1088 2611 caeca,

428 2617 607 2685 Prospectum
625 2617 744 2685 eripiens
761 2617 851 2682 oculis,
870 2617 1058 2688 glomeratque
1076 2619 1127 2673 sub
1144 2622 1224 2674 antm

427 2693 594 2748 Fumiferam
612 2697 720 2747 noctem
738 2694 892 2747 commixtis
910 2694 972 2762 igne
990 2696 1118 2751 tenebris.
1242 2708 1279 2749 aaa
1332 2714 1335 2720 ·

427 2770 488 2823 Non
507 2770 572 2824 tulit
591 2768 703 2823 Alcides
720 2770 825 2837 animis,
844 2787 929 2839 seque
947 2772 1005 2840 ipse
1022 2771 1183 2841 perignem

427 2846 575 2915 Praecipiti
593 2846 657 2900 iecit
675 2846 754 2914 saltu,
772 2863 828 2914 qua
845 2846 979 2915 plurimus
997 2847 1098 2899 undam

427 2923 531 2977 Funus
548 2923 606 2990 agit
623 2922 778 2991 nebulaque
795 2923 890 2990 ingens
909 2939 1005 2990 specus
1023 2926 1131 2977 aestuat
1148 2927 1216 2979 atra

428 2998 480 3054 Hic
500 3000 601 3053 Cacum
619 2998 647 3051 in
664 2998 787 3052 tenebris
805 2998 932 3052 incendia
950 3015 1018 3052 vana
1036 3004 1192 3054 vomentem

426 3076 547 3145 Corripit
564 3076 593 3128 in
610 3075 712 3129 nodum
731 3075 886 3144 conplexus,
905 3078 934 3129 et
952 3075 1027 3142 angit
1043 3074 1189 3130 inhaerens
1242 3090 1279 3131 aaa

427 3152 515 3205 Elisos
533 3152 625 3206 oculos
643 3156 672 3206 et
689 3152 789 3206 siecum
808 3152 940 3220 sanguine
957 3154 1060 3219 guttur.

427 3229 561 3281 Panditur
579 3229 716 3297 extemplo
733 3229 838 3283 foribus
856 3229 955 3282 domus
971 3231 1033 3282 atra
1050 3228 1169 3296 revolsis,

428 3304 649 3373 abstractaeque
666 3305 750 3361 boves
768 3306 964 3373 abiruataeque
982 3304 1093 3373 rapinae

427 3379 508 3433 Caelo
526 3380 716 3448 ostenduntur,
734 3382 906 3451 pedibusque
923 3380 1038 3434 informe
1056 3381 1173 3436 cadaver

427 3456 609 3510 Protrahitur.
645 3456 793 3525 Nequeunt
810 3457 916 3526 expleri
934 3456 1019 3511 corda
1035 3457 1142 3509 tuendo
1245 3470 1291 3502 ‘aa

426 3531 566 3586 Terribilis
584 3530 683 3599 oeulos,
700 3532 808 3590 voltum
823 3534 982 3604 uillosaque
998 3532 1091 3585 saetis
1142 3599 1149 3611 1
1194 3594 1202 3606 .

415 3607 533 3662 Pectora
550 3608 679 3664 semiferi
696 3613 786 3684 atque
806 3612 974 3670 exstinctus
990 3604 1133 3661 landipus
1145 3606 1240 3663 m

404 3681 450 3733 llx
465 3682 517 3737 illo
534 3686 705 3745 celebratus
724 3689 833 3763 henos,
847 3689 993 3761 laetique
1008 3683 1153 3737 rumores
