3467 4367
658 658 841 708 AENEIDOS
863 659 932 707 LlB.
956 659 1019 708 VII.
1222 664 1269 715 221

415 734 457 788 Ut
474 735 563 803 pelagi
583 752 666 804 rupea
683 736 928 805 magnereniente
945 736 1062 806 fragore,

416 811 492 875 Quae
510 826 578 878 sese,
596 812 689 865 multis
706 814 809 867 circum
826 813 992 868 latrantibus
1009 813 1096 881 undis,

415 887 490 940 Melo
507 890 600 952 tenet;
619 888 720 955 scopuli
739 890 904 958 nequiquam
923 893 952 944 et
970 907 1082 959 spumea
1099 890 1200 946 circum

415 964 487 1017 Saxa
503 962 632 1030 fremunt,
651 964 787 1033 laterique
804 966 885 1019 inlisa
903 966 1060 1020 refunditur
1078 967 1146 1035 alga.
1233 981 1270 1022 cco

414 1040 519 1093 Verum
536 1038 584 1092 ubi
601 1040 676 1094 nulla
694 1040 777 1095 datur
794 1059 904 1096 caecum
923 1058 1088 1111 exsuperare
1106 1046 1230 1111 potestas

415 1116 571 1184 Consilium,
592 1119 621 1170 et
639 1134 736 1172 saevae
755 1123 825 1173 nutu
845 1118 958 1171 lunonis
976 1121 1044 1173 eunt
1061 1135 1113 1186 rea,

414 1193 504 1246 Multa
522 1193 588 1248 deos
606 1211 742 1263 aurasque
761 1200 841 1263 pater
859 1198 979 1249 testatus
997 1194 1092 1261 inanis,

414 1268 577 1336 Frangimur
594 1269 648 1323 heu
666 1270 738 1338 fatis,
755 1270 852 1338 inquit,
871 1269 1039 1337 ferimurque
1056 1267 1189 1337 procella!

415 1343 472 1412 Ipsi
491 1344 539 1398 has
557 1345 688 1413 sacrilego
705 1346 834 1414 pendetis
852 1345 983 1413 sanguine
1000 1361 1110 1413 poenas,
1233 1357 1270 1398 aaa

414 1419 438 1472 0
457 1421 558 1476 miseri.
594 1421 640 1486 Te,
658 1422 756 1490 Turne,
773 1423 857 1489 nefas,
876 1426 905 1476 te
923 1422 1004 1475 triste
1022 1420 1144 1475 manebit

414 1495 589 1565 Supplicium,
607 1498 733 1566 votisque
751 1497 818 1550 deos
835 1496 1003 1551 venerabere
1021 1496 1095 1550 aeris.

413 1572 439 1624 N
441 1589 485 1625 am
503 1572 570 1625 mihi
587 1575 667 1640 parta
685 1574 770 1642 quies,
788 1573 931 1643 omnisque
949 1572 978 1626 in
995 1571 1087 1626 limine
1105 1575 1217 1641 portus;

414 1647 522 1701 Funere
538 1648 610 1702 felici
629 1649 739 1718 spolior.
774 1649 800 1703 N
803 1666 834 1703 ec
851 1649 932 1718 plura
949 1648 1056 1702 locutus

413 1723 520 1792 saepsit
538 1741 568 1778 se
585 1726 675 1792 tectis,
693 1742 839 1794 rerumque
859 1725 972 1794 reliquit
989 1724 1117 1779 habenas.
1231 1736 1270 1779 ooo
1352 1748 1354 1752 ·

449 1798 508 1853 Mos
527 1805 587 1855 erat
606 1801 742 1870 Hesperio
760 1801 789 1855 in
809 1801 897 1869 latio,
916 1817 999 1870 quem
1017 1800 1142 1870 protinus
1159 1798 1242 1854 urbes

413 1875 538 1930 Albanae
556 1873 664 1932 coluere
682 1894 798 1946 sacrum,
816 1894 888 1931 nunc
906 1893 1034 1930 maxuma
1051 1892 1144 1931 rerum

413 1952 501 2007 Roma
518 1953 591 2027 colit,
610 1972 672 2008 eum
690 1956 779 2023 prima
796 1956 908 2008 movent
925 1953 954 2006 in
972 1952 1077 2020 proelia
1094 1951 1221 2018 Martem,

413 2028 475 2082 Sive
495 2030 579 2082 Getia
591 2030 693 2083 inferre
711 2046 795 2083 manu
812 2028 981 2082 lacrimabile
998 2028 1101 2082 bellum
1303 2097 1307 2101 .

413 2103 581 2171 Hyrcanisve
594 2105 729 2159 Arabisve
740 2108 847 2173 parant,
862 2120 912 2157 seu
924 2103 1040 2157 bendere
1052 2102 1090 2156 ad
1102 2102 1187 2156 Indos
1230 2116 1268 2157 eoa

413 2179 605 2248 Auroramque
624 2182 701 2247 sequi
720 2180 893 2247 Parthosque
912 2194 1054 2247 reposcere
1073 2178 1163 2245 signa:

413 2254 482 2307 Sunt
501 2255 627 2321 geminae
645 2255 717 2308 Belli
733 2258 837 2323 portae,
857 2254 897 2308 sie
915 2253 1024 2307 nomine
1043 2253 1145 2319 dieunt,

412 2328 556 2396 Religione
573 2343 668 2384 sacrae
684 2333 714 2384 et
732 2329 806 2383 saevi
823 2329 971 2383 formidine
990 2329 1104 2394 Martis3

413 2405 530 2459 Centum
548 2406 621 2460 aerei
639 2407 770 2461 claudunt
787 2409 882 2460 vectes
899 2409 1066 2475 aeternaque
1083 2404 1150 2459 ferri

412 2481 530 2550 Robora,
549 2499 599 2536 nec
616 2487 707 2537 custos
725 2483 836 2537 absistit
853 2482 948 2536 limine
968 2482 1067 2549 Ianus;
1228 2495 1267 2537 ero

412 2558 479 2626 Has,
497 2558 544 2612 ubi
562 2563 639 2616 certa
656 2559 736 2631 sedet
753 2558 879 2628 patribus
898 2558 1036 2613 sententia
1051 2574 1166 2627 pugnae,

413 2634 477 2703 Ipse
496 2636 628 2701 Quirinali
644 2636 742 2689 trabea
759 2636 905 2705 cinctuque
925 2634 1030 2689 Gabino

412 2711 532 2779 Insignis
550 2715 655 2765 reserat
672 2711 818 2766 stridentia
834 2710 930 2765 limina
948 2710 1063 2779 Consu13
1086 2738 1088 2742 ·

395 2786 476 2855 'Ipse
493 2792 571 2841 vocat
588 2804 702 2856 pugnas,
721 2788 845 2857 sequitur
862 2789 923 2840 tum
941 2789 1033 2840 cetera
1050 2786 1145 2854 pubes,

411 2862 556 2931 Aereaque
573 2864 691 2917 adsensu
709 2864 865 2931 conspirant
882 2878 983 2916 cornua
1000 2878 1090 2916 rauco.
1227 2876 1265 2916 ero

411 2938 473 2993 Hoc
490 2943 520 2994 ct
538 2944 596 2993 tum
616 2939 755 2993 Aeneadis
773 2939 895 2993 indicere
912 2937 985 2992 bella
1003 2937 1117 2991 Latium
1170 2994 1173 3002 ,

411 3013 489 3069 More
506 3016 653 3070 iubebatur
669 3015 814 3084 tristisque
832 3014 975 3067 recludere
992 3017 1094 3082 portas.

411 3091 554 3146 Abstinuit
569 3096 646 3146 tactu
662 3095 750 3161 pater,
768 3105 936 3159 aversusque
953 3089 1056 3158 refugit

411 3165 505 3220 Foeda
522 3168 680 3235 ministeria,
699 3170 728 3222 et
745 3166 833 3221 meeis
851 3182 881 3219 se
899 3164 1022 3219 condidit
1039 3164 1150 3219 umbris.

410 3243 478 3296 'lum
496 3244 591 3311 regina
609 3244 691 3298 deum
709 3244 784 3298 eaelo
803 3242 915 3311 delapsa
932 3241 1064 3295 morantis
1225 3254 1264 3296 aa)

411 3317 516 3385 Inpulit
533 3320 593 3387 ipsa
609 3315 691 3373 manu
707 3322 809 3387 portas,
827 3321 856 3372 et
874 3317 985 3372 cardine
1003 3333 1083 3371 verso

410 3394 482 3447 Belli
498 3395 614 3448 ferratos
631 3396 735 3463 rumpit
753 3395 882 3450 Saturnia
898 3393 992 3463 postis.

410 3470 503 3523 Ardet
520 3470 638 3523 inexcita
656 3470 778 3525 Ausonia
794 3475 880 3542 atque
897 3469 1043 3524 inmobilis
1057 3471 1148 3528 antea

408 3545 477 3599 pm
488 3545 578 3613 Pedffl
595 3544 637 3600 1⁶10
652 3549 738 3617 parat
754 3548 873 3620 campis,
888 3563 962 3618 pars
978 3544 1092 3601 arduus
1107 3538 1181 3619 ettae

396 3620 612 3677 Pulverulentus
630 3624 714 3695 equis
732 3624 826 3695 funin,
844 3641 951 3683 omues
968 3635 1060 3676 arma.
1075 3602 1258 3677 requirent..
1288 3596 1338 3633 W*

387 3694 458 3749 ΡΜ
473 3696 546 3753 leva
564 3700 679 3771 clipeos
695 3706 731 3761 es
751 3704 869 3777 spicula
885 3699 999 3760 lueida
1013 3686 1149 3757 resecet
