3467 4367
388 553 422 586 ..ς
1221 551 1232 565 ·

679 621 862 672 AENEIDOS
880 623 949 675 LIB.
969 626 1024 675 ΙΙΙ.
1232 625 1275 675 127

426 703 502 768 Quos
518 719 624 757 mecum
642 720 658 757 a
676 704 757 757 Troia
773 705 925 774 mediisque
943 723 977 760 ex
995 706 1106 774 ignibus
1122 708 1199 763 urbis

425 779 594 847 Extuleram,
612 781 663 833 risi
680 782 745 833 ante
763 781 854 834 oculos
872 782 982 837 adstare
1000 784 1113 837 iacentis
1240 797 1276 838 lto

425 856 460 909 In
478 858 585 924 somnis,
602 857 689 909 multo
707 857 844 911 manifesti
862 858 971 925 lumine,
989 876 1044 927 qua
1062 876 1091 913 se

424 931 510 986 Plena
527 949 577 1000 per
594 933 710 986 insertas
726 933 860 987 fundebat
878 934 942 988 luna
958 935 1107 1001 fenestras;

423 1008 492 1061 Tum
511 1009 653 1061 sicadfert
672 1014 701 1063 et
719 1025 798 1062 curas
815 1008 858 1061 his
877 1008 987 1063 demere
1005 1009 1099 1068 dictis:
1180 1017 1187 1028 ⁴

423 1084 503 1149 Quod
520 1084 570 1138 tibi
589 1085 681 1139 delato
700 1085 843 1153 Ortygiam
862 1085 986 1139 dicturus
1004 1086 1103 1153 Apollo
1121 1090 1171 1155 est,

422 1160 478 1215 Hic
495 1162 574 1228 canit,
594 1166 622 1215 et
640 1164 688 1215 tua
706 1178 755 1215 nos
773 1178 807 1213 en
825 1162 898 1215 ultro
916 1161 952 1214 ad
969 1161 1063 1215 limina
1079 1162 1174 1217 mittit.
1238 1179 1274 1220 155

421 1236 448 1289 N
450 1253 480 1290 os
497 1240 534 1303 te,
554 1238 694 1291 Dardania
710 1238 826 1304 incensa,
845 1241 947 1305 tuaque
964 1254 1040 1290 arma
1058 1239 1149 1303 secuti,

421 1313 480 1366 Nos
497 1314 633 1367 tumidum
651 1314 701 1367 sub
719 1316 748 1367 te
765 1314 902 1381 permensi
920 1313 1050 1367 classibus
1067 1330 1173 1382 aequor,

422 1389 502 1443 Idem
521 1395 651 1444 venturos
668 1390 796 1444 tollemus
813 1389 841 1442 in
859 1393 934 1443 astra
951 1394 1072 1457 nepotes,

421 1465 617 1535 Imperiumque
634 1467 696 1520 urbi
715 1466 848 1520 dabimus,
885 1465 925 1519 Tu
942 1467 1048 1519 moenia
1065 1470 1168 1535 magnis

420 1541 523 1609 Magna
539 1559 613 1611 para,
630 1543 796 1610 longumque
813 1541 894 1609 fugae
913 1558 947 1595 ne
963 1542 1056 1609 linque
1073 1542 1200 1598 laborem.
1235 1558 1272 1598 mo

420 1617 571 1671 Mutandae
589 1618 676 1673 sedes.
713 1617 775 1671 Non
793 1618 861 1671 hacc
877 1618 928 1672 tibi
946 1619 1027 1672 litora
1045 1618 1130 1673 suasit

419 1693 516 1748 Delius
533 1698 581 1748 aut
600 1694 699 1748 Cretae
717 1693 796 1747 iussit
813 1694 956 1749 considere
975 1694 1080 1762 Apollo.

419 1769 471 1824 Ilst
488 1770 569 1837 locus,
588 1771 752 1838 Hesperiam
771 1769 847 1823 Graii
864 1771 1022 1850 cqgnornine
1041 1770 1141 1835 dicunt,

419 1842 504 1900 'ferra
515 1836 640 1915 'audqua
659 1850 758 1914 potens
775 1847 858 1914 armis
876 1850 960 1915 atque
976 1846 1062 1901 ubere
1079 1845 1206 1914 glaebae;

419 1921 533 1977 Oenotri
551 1923 658 1977 coluere
676 1923 727 1976 viri
736 1945 743 1989 ;
760 1939 832 1975 nunc
849 1922 922 1976 fama
939 1924 1057 1978 minores
1234 1938 1270 1978 los

418 1998 527 2053 Italiam
546 2000 647 2053 dixisse
666 1998 742 2051 ducis
760 1999 796 2052 de
813 2000 921 2052 uomiue
938 2004 1063 2067 gentem:

418 2075 481 2129 Hae
495 2076 572 2129 nobis
590 2076 717 2145 propriae
737 2075 831 2141 sedes;
855 2074 917 2128 hinc
936 2075 1080 2129 Dardanus
1098 2078 1183 2142 ortus,

418 2151 560 2220 Iasiusque
577 2155 665 2221 pater,
683 2167 770 2218 genus
788 2167 804 2203 a
822 2166 875 2219 quo
893 2151 1016 2219 principe
1034 2153 1164 2203 nostrum.
1272 2190 1275 2194 .

416 2226 505 2295 Surge
521 2244 580 2296 age,
599 2232 629 2281 et
646 2227 713 2280 haec
730 2225 820 2279 laetus
837 2226 969 2293 longaevo
987 2227 1061 2279 dicta
1078 2226 1187 2294 parenti

417 2303 502 2357 Haud
515 2304 667 2357 dubitanda
678 2302 766 2356 refer:
779 2302 929 2369 Corythum
941 2305 1085 2371 terrasque
1097 2297 1219 2368 requirat
1233 2317 1269 2359 170

417 2380 559 2434 Ausonias
597 2380 710 2433 Dictaea
727 2382 811 2446 negat
828 2378 879 2432 tibi
898 2378 1025 2446 Iuppiter
1042 2393 1113 2430 arva.

416 2455 526 2509 Talibus
543 2457 677 2510 attonitus
694 2456 758 2508 visis
776 2458 805 2508 et
822 2470 888 2508 voce
906 2453 1055 2507 deorum-

414 2532 442 2585 N
443 2549 475 2585 ec
492 2548 573 2601 sopor
589 2532 658 2585 illud
675 2535 742 2599 erat,
760 2531 809 2585 sed
827 2547 917 2584 coram
934 2531 1100 2599 adgnoscere
1118 2532 1208 2586 voltus

415 2607 584 2676 Velatasque
602 2624 692 2661 comas
709 2608 918 2676 praesentiaque
936 2623 983 2660 ora
1001 2607 1129 2674 videbar3

414 2683 483 2737 'l'um
501 2684 607 2752 gelidus
625 2689 685 2740 toto
702 2683 831 2757 manabat
849 2700 962 2752 corpore
981 2684 1100 2738 sudor-
1232 2697 1267 2740 175

414 2760 540 2831 Corripio
558 2777 574 2814 e
591 2761 688 2815 stratis
705 2777 811 2828 corpus,
830 2759 970 2827 tendoque
989 2762 1099 2828 supinas

414 2836 463 2889 Ad
480 2837 585 2891 caelum
602 2854 664 2890 cum
681 2853 747 2890 voce
764 2853 867 2902 manus,
887 2839 917 2889 et
934 2850 1048 2889 munera
1064 2837 1119 2890 libo

414 2914 586 2967 Intemerata
601 2912 675 2967 focis.
713 2913 839 2967 Periccto
856 2912 945 2966 laetus
963 2912 1064 2967 honore

414 2990 553 3043 Anchisen
570 2990 640 3043 facio
658 2992 772 3055 certum,
791 3006 905 3057 remque
924 2989 1020 3042 ordine
1039 2990 1137 3058 pando.

413 3066 555 3133 Adgnovit
571 3066 676 3135 prolem
694 3064 847 3133 ambiguam
864 3065 1042 3133 geminosque
1060 3070 1196 3136 parentes,
1230 3082 1267 3122 1⁸0

413 3141 503 3211 Seque
521 3158 590 3195 novo
608 3146 732 3196 veterum
752 3140 899 3209 deceptum
917 3157 1011 3194 errore
1029 3141 1155 3197 locorum

413 3217 482 3271 Tum
500 3222 647 3273 memorat:
673 3218 754 3284 Nate,
774 3217 864 3271 iliacis
883 3217 1004 3271 exercite
1023 3218 1092 3283 latis,

413 3294 477 3348 Sola
494 3294 562 3348 mihi
578 3294 642 3348 talis
659 3310 738 3349 casus
756 3292 911 3348 Cassandra
928 3293 1050 3347 canebat.

412 3371 493 3425 Nunc
511 3374 606 3439 repeto
622 3371 691 3424 haec
707 3371 802 3439 generi
819 3370 986 3439 portendere
1004 3370 1100 3425 debita
1117 3374 1218 3440 nostro,

413 3448 450 3500 Et
468 3464 551 3516 saepe
571 3447 744 3515 Hesperiam.
762 3462 844 3518 saepe
864 3446 938 3501 Itala
954 3463 1044 3517 regna
1056 3464 1170 3501 uocare.
1236 3461 1282 3497 uss

407 3523 466 3575 Sed
482 3524 544 3589 quis
559 3523 597 3575 ad
616 3522 772 3594 Hesperiae
788 3528 928 3582 venturos
941 3524 1035 3583 litora
1048 3523 1182 3580 neumas

397 3595 553 3651 Crederet?
575 3603 627 3653 aut
645 3618 733 3672 quem
752 3608 819 3662 tum
838 3608 926 3662 vates
943 3601 1121 3662 Cassandra
1135 3584 1299 3650 mouera‘a‘l

384 3666 528 3725 Cedamus
545 3673 679 3747 Pboebo,
697 3685 732 3739 et
752 3685 861 3744 moniti
880 3685 1018 3743 meliora
1034 3686 1220 3746 fflffiffl·

928 3794 938 3847 l
