3467 4367
673 924 702 972 P.
721 923 875 971 VERGILI
893 922 1060 973 MARONIS

635 1071 1144 1185 Annuioos'

670 1289 788 1344 LIBER
806 1288 1067 1343 DUODEOIMUS.

818 1445 919 1473 —-c-—

447 1549 563 1616 Tonsos
580 1566 613 1616 ut
629 1563 759 1616 infractos
776 1561 891 1616 adverso
910 1562 1002 1615 Marte
1020 1561 1131 1614 Latinos

448 1637 586 1691 Defecisse
603 1638 686 1705 videt,
704 1654 753 1691 sua
771 1654 842 1691 nunc
859 1638 993 1706 promissa
1010 1637 1126 1704 reposci‚'
1153 1692 1160 1705 ,

447 1713 483 1767 Se
501 1712 602 1780 signari
620 1712 712 1778 ocella,
730 1712 803 1765 ultre
820 1712 990 1781 inplacabilis
1008 1712 1096 1779 ardet,

448 1788 615 1856 Attollitque
633 1788 744 1841 animoa.
781 1788 934 1842 Poenorum
952 1788 1041 1857 qualis
1059 1787 1087 1839 in
1105 1789 1177 1841 arvis

447 1864 560 1917 Saucius
577 1864 623 1917 ille
641 1864 717 1931 gravi
734 1867 883 1918 venantum
901 1864 1011 1918 volnere
1028 1866 1125 1931 pectus
1290 1878 1302 1916 5

448 1939 517 1993 'lum
535 1940 645 1993 demum
663 1942 755 1993 movet
772 1941 917 2007 amalec,
934 1940 1092 2008 gaudetque
1110 1938 1243 1992 comantis

448 2015 597 2069 Excutiens
615 2016 720 2069 cervice
737 2018 819 2082 toros,
838 2015 978 2082 fixumque
995 2014 1111 2068 latronis

449 2091 598 2160 Inpavidus
615 2092 717 2159 frangit
734 2091 828 2157 telum,
846 2094 876 2145 et
893 2091 986 2145 fremit
1004 2107 1051 2143 ore
1069 2093 1196 2143 cruento:

448 2167 533 2220 Haud
550 2184 627 2220 secus
645 2183 757 2220 accenso
775 2167 864 2234 gliscit
881 2166 1010 2220 violentia
1028 2165 1126 2219 Turno.

448 2242 516 2295 Tum
534 2243 573 2296 sic
590 2243 701 2296 adfatur
718 2258 820 2309 regem,
839 2245 923 2310 atque
940 2241 980 2295 ita
998 2241 1126 2295 turbidus
1144 2241 1222 2295 infit:
1277 2255 1301 2293 10

448 2317 474 2370 N
476 2318 531 2372 ulla
542 2333 618 2371 mora
630 2319 658 2370 in
670 2318 760 2371 Turno
772 2338 778 2383 ;
796 2318 863 2371 nihil
877 2321 927 2385 est,
941 2317 1015 2386 quod
1028 2317 1102 2371 dicta
1114 2320 1266 2370 retractent

449 2394 545 2461 Ignavi
565 2394 721 2457 Aeneadae,
739 2410 886 2462 nec,xq11ac
903 2393 1044 2463 pepigere,
1062 2395 1197 2446 recusent.

448 2469 626 2537 Congredior.
663 2470 718 2523 Fer
735 2486 818 2536 sacra,
836 2473 924 2538 pater,
942 2473 971 2523 et
989 2471 1099 2538 concipe
1116 2469 1222 2524 foedus.

449 2546 509 2598 Aut
525 2544 576 2598 hac
594 2544 763 2598 Dardanium
782 2544 882 2599 dextra
900 2545 950 2599 sub
969 2545 1082 2599 Tartara
1099 2544 1217 2609 mittam,

449 2619 624 2674 Desertorem
644 2620 886 2684 Asiae—sedeant
904 2616 1083 2689 spectentque
1102 2620 1229 2672 Latini-
1279 2632 1301 2670 u

449 2696 486 2749 Ilt
503 2696 582 2749 solus
594 2696 666 2749 ferro
684 2696 788 2749 crimen
805 2712 948 2749 commune
966 2695 1106 2761 refellam;

450 2775 510 2827 Aut
526 2772 627 2826 habeat
644 2772 738 2839 victos,
758 2771 839 2825 cedat
858 2771 969 2825 Lavinia
987 2771 1110 2824 coniunx.

485 2848 538 2902 Olli
558 2847 654 2901 sedato
672 2847 814 2915 respondit
831 2846 915 2901 corde
934 2847 1064 2900 Latinus:

450 2924 473 2976 Ο
492 2928 636 2993 praestans
655 2923 738 2976 animi
755 2923 867 2990 iuvenis,
887 2925 1019 2991 quantum
1037 2923 1096 2991 ipse
1114 2921 1199 2975 feroci

449 3000 562 3054 Virtute
575 3016 730 3068 exsuperas,
743 3002 821 3052 tanto
833 3016 877 3053 me
889 2999 1028 3068 inpensius
1039 3015 1158 3068 aequum
1174 3000 1218 3051 est
1277 3009 1302 3049 ee

450 3074 604 3142 Consulere,
624 3079 707 3143 atque
726 3076 813 3128 omnis
831 3078 999 3130 metuentem
1018 3074 1174 3143 expendere
1192 3090 1277 3127 casus

450 3150 520 3204 Sunt
536 3150 588 3204 tibi
600 3147 690 3218 ‘regna
707 3150 796 3219 patris
815 3151 912 3218 Dauni,
931 3154 995 3204 sunt
1012 3150 1114 3219 oppida
1131 3153 1211 3218 capta

449 3226 538 3280 Multa
550 3242 650 3291 manu3
667 3243 717 3281 nec
728 3242 782 3279 non
794 3242 945 3294 aurumque
958 3227 1117 3295 animusque
1131 3226 1229 3279 Latino
1241 3231 1290 3278 est.

450 3302 519 3356 Sunt
536 3302 605 3355 aliae
623 3302 755 3371 innuptae
774 3302 852 3355 Latio
871 3305 900 3354 et
919 3301 1102 3356 Laurentibus
1119 3302 1199 3369 agris,

442 3377 506 3432 Nee
514 3394 604 3449 genus
617 3377 766 3433 indecores.
802 3376 866 3431 Siue
879 3393 923 3429 me
934 3377 1003 3431 haec
1013 3377 1087 3431 haud
1099 3377 1191 3430 mollia
1203 3377 1262 3429 fatu

432 3455 561 3513 Sublatis
581 3458 695 3531 aperire
714 3456 807 3523 dolis,
826 3453 911 3509 simul
923 3452 980 3507 lieo
996 3451 1201 3504 admistam'ix
1281 3463 1307 3501 m

423 3532 474 3588 Me
493 3540 598 3595 natam
617 3540 693 3596 nulli
710 3542 848 3595 veterum
867 3531 976 3587 sociare
990 3538 1142 3612 procerum

417 3609 473 3667 ΨΜ
495 3622 572 3689 eras,
587 3622 686 3696 idque
697 3635 813 3698 annues
834 3612 960 3682 dieique
972 3606 1165 3663 hominesque
1181 3588 1310 3644 ceum
