3467 4367
704 892 734 940 P.
761 891 917 941 VERGILI
933 891 1099 943 meme

671 1044 715 1130 A'
740 1056 775 1128 E
798 1055 839 1130 N
863 1056 898 1129 E
925 1055 947 1130 I
973 1056 1012 1130 D
1039 1057 1075 1134 Ο
1100 1059 1130 1134 S
1170 997 1182 1006 =

753 1230 870 1286 mena
900 1229 1054 1288 rames.

854 1379 955 1407 —0-

480 1496 570 1548 Anna
586 1495 729 1563 virumque
746 1510 822 1562 eane,
840 1498 937 1551 Troiae
954 1500 1002 1568 qui
1017 1499 1121 1567 primus
1137 1502 1174 1555 ab
1191 1505 1249 1558 eris

479 1570 596 1637 Italiam,
613 1571 672 1622 fate
689 1571 827 1639 profugus,
846 1572 1003 1642 Lavinaque
1019 1576 1092 1631 venit

479 1647 581 1712 Litora,
599 1646 715 1699 multum
732 1646 779 1701 ille
796 1652 825 1701 et
842 1650 925 1703 terris
941 1650 1057 1704 iactans
1074 1657 1104 1706 et
1121 1654 1176 1707 alte

478 1723 515 1777 Vi
533 1740 668 1792 superum,
686 1741 782 1778 saevae
799 1742 948 1780 memorem
966 1728 1077 1780 Iunonis
1094 1729 1129 1782 ab
1146 1730 1223 1798 iram,

478 1799 568 1854 Multa
586 1818 693 1871 quoque
711 1807 741 1856 et
757 1802 830 1857 bello
847 1820 950 1872 passus,
967 1804 1033 1859 dum
1048 1799 1180 1860 conderet
1196 1809 1337 1877 urbanas

479 1877 654 1948 Infametque
671 1880 738 1935 deos
757 1880 843 1946 Latio,
860 1896 947 1947 genus
964 1879 1038 1934 unde
1054 1881 1182 1936 Latinum

478 1954 634 2025 Albanique
651 1961 745 2025 patres
761 1960 845 2025 atque
863 1956 936 2010 altae
953 1958 1060 2011 moenia
1077 1958 1186 2012 Romae

512 2032 599 2101 Musa,
617 2034 683 2087 mihi
699 2050 807 2088 caussas
824 2049 952 2101 memora,
971 2050 1025 2101 quo
1043 2034 1152 2089 numine
1168 2034 1252 2102 laese,

477 2110 583 2175 Quidve
601 2111 703 2180 dolens,
720 2110 816 2179 regina
833 2110 915 2163 deum
933 2112 976 2164 tet
994 2111 1103 2164 volvere
1120 2127 1199 2166 casus

478 2186 617 2257 Insignem
634 2189 738 2258 pietate
755 2189 850 2257 virum,
861 2188 903 2241 tot
919 2186 997 2240 adire
1014 2186 1122 2258 labores
1310 2205 1336 2244 ιο

479 2263 619 2332 Inpulerit.
654 2265 794 2319 Tantaene
811 2262 907 2317 anima
924 2262 1088 2318 caelestibus
1104 2264 1179 2320 irae?

511 2416 585 2471 Urbs
602 2419 716 2485 antiqua
732 2418 792 2485 fuit,
810 2417 883 2485 Tyrii
900 2420 1015 2471 tenuere
1032 2417 1126 2486 coloni,

478 2494 627 2561 Karthago,
647 2493 757 2546 Italiam
774 2497 869 2547 centra
887 2494 1067 2563 Tiberinaque
1085 2493 1165 2562 longe

475 2569 560 2638 Ostia,
579 2571 656 2624 dives
673 2585 755 2637 opum
773 2570 926 2639 studiisque
943 2571 1093 2639 asperrima
1110 2570 1173 2624 belli
1178 2589 1187 2635 ;

475 2646 562 2711 Quam
581 2647 651 2699 luno
668 2646 757 2700 fertur
773 2648 854 2702 terras
872 2647 960 2715 magis
977 2646 1101 2701 omnibus
1118 2663 1201 2704 unam
1309 2664 1334 2706 ιε

475 2722 636 2777 Posthabita
652 2722 767 2777 coluisse
785 2724 881 2790 Samo;
898 2723 942 2777 hie
960 2723 1031 2776 illius
1048 2740 1131 2793 arma,
1180 2763 1185 2775 .

474 2800 528 2854 Hic
545 2816 640 2853 currus
657 2799 724 2864 fuit3
741 2800 793 2853 hee
810 2817 926 2867 regnum
945 2800 998 2854 dea
1015 2801 1143 2869 gentibus
1161 2816 1230 2867 esse,

472 2877 502 2931 Si
519 2894 573 2947 qua
590 2877 649 2930 fata
667 2878 763 2944 sinant,
781 2879 836 2931 iam
854 2882 915 2931 tum
933 2877 1080 2945 tenditque
1099 2879 1235 2946 fovetque

472 2953 635 3022 Progeniem
652 2955 701 3007 sed
719 2956 791 3008 enim
809 2955 925 3007 Troiano
943 2971 960 3008 a
978 2956 1108 3023 sanguine
1126 2954 1190 3008 duci

472 3032 616 3099 Audierat,
634 3032 726 3100 Tyn‘as
744 3032 809 3085 olim
827 3049 897 3101 quae
915 3035 1040 3087 verteret
1058 3049 1149 3098 arces3
1306 3044 1333 3085 aa

472 3109 545 3163 Hine
562 3109 690 3177 populum
708 3109 764 3163 late
782 3126 877 3177 regem
895 3109 1022 3177 belloque
1041 3109 1188 3178 superbum
1240 3139 1243 3144 ·

471 3181 625 3239 Ventumm
644 3185 765 3239 exscidie
783 3185 900 3254 Libyae:
919 3185 958 3239 sie
976 3187 1086 3239 volvere
1105 3185 1211 3238 Parcas

471 3261 507 3315 Id
524 3267 650 3317 metuens
667 3263 824 3333 veterisque
841 3279 948 3316 memor
966 3263 1097 3316 Saturnia
1115 3259 1187 3328 belli,

471 3337 563 3393 Prima
580 3340 654 3409 qued
672 3340 708 3393 ad
727 3340 834 3392 Troiam
852 3356 903 3409 pre
921 3340 992 3392 caris
1009 3342 1135 3407 gesserat
1154 3337 1276 3405 Argis·-

464 3413 590 3470 Needam
609 3418 693 3472 etiam
712 3417 825 3471 caussae
842 3417 949 3470 irarum
965 3416 1098 3483 saevique
1115 3415 1225 3466 amares
1303 3427 1330 3467 aa

445 3488 624 3549 atreideranr
641 3496 754 3552 animo:
773 3498 874 3551 manet
892 3494 954 3549 aaa
969 3496 1068 3547 mense
1084 3490 1234 3554 reserem
1269 3529 1275 3540 .

428 3559 576 3623 ladioimn
598 3572 720 3628 Paridis
738 3579 926 3646 spretaeque
945 3566 1056 3624 iniuria
1069 3565 1193 3623 iotanae,

399 3632 452 3735 ‚Et
466 3655 573 3704 8811118
591 3649 735 3720 invisum,
758 3657 791 3711 et
811 3652 899 3722 rapti
920 3640 1113 3710 Ganymeffis
1126 3633 1275 3683 manaseas
