3467 4367
467 637 513 688 πο
692 636 721 684 P.
741 634 895 683 vanains
914 604 1081 682 nunonis

467 716 619 769 Proxumus
636 718 669 768 ut
686 714 820 766 viridante
838 716 899 767 toro
917 712 1080 767 consederat
1097 712 1212 768 herbae:

467 791 583 856 Entella,
601 790 714 843 heroum
734 788 871 857 quondam
890 789 1039 843 fortissime
1058 788 1170 857 frustra,

467 869 589 921 Tantane
605 870 663 919 tam
680 865 788 934 patiens
805 865 881 918 nullo
899 865 1048 920 certamine
1067 865 1126 920 tolli
1290 884 1328 922 aso

467 945 546 997 Dona
563 942 651 995 sinesl
673 941 720 994 ubi
738 958 809 995 nunc
827 941 906 994 uobis
925 941 1001 995 deus·
1012 942 1059 996 ille
1076 942 1208 1010 magister

468 1019 641 1088 Nequiquam
658 1021 825 1071 memoratus
844 1018 934 1085 Eryxi
954 1018 1002 1071 ubi
1020 1019 1093 1071 fama
1111 1035 1161 1087 per
1180 1036 1290 1090 omnem

468 1094 641 1162 Trinacriam,
660 1096 690 1147 et
707 1094 792 1162 spolia
809 1093 857 1147 illa
876 1095 930 1149 tuis
949 1094 1099 1164 pendentia
1117 1095 1215 1149 tectisl

469 1171 521 1225 Ille
539 1170 590 1224 sub
607 1170 689 1224 haec:
713 1169 739 1222 N
741 1186 775 1223 on
794 1170 883 1224 laudis
901 1188 985 1239 amor,
1004 1187 1054 1225 nec
1071 1171 1159 1239 gloria
1176 1172 1260 1226 cessit

469 1248 552 1301 Pulsa
568 1250 661 1313 mctu;
682 1246 731 1300 sed
750 1248 822 1300 enim
838 1248 948 1315 gelidus
967 1248 1096 1302 tardante
1115 1251 1227 1302 senecta
1291 1262 1327 1301 aas

468 1325 583 1393 Sanguis
600 1323 691 1392 hebet,
709 1324 865 1392 frigentque
885 1325 983 1378 citatae
1001 1326 1029 1378 in
1047 1341 1160 1393 corpore
1178 1326 1256 1378 vires

468 1402 497 1456 Si
514 1402 588 1467 mihi,
607 1417 676 1470 qnae
695 1400 831 1468 quondam
850 1402 949 1467 fuerat,
969 1416 1077 1468 quaque
1094 1400 1226 1469 inprobus
1244 1400 1297 1453 iste

468 1478 596 1532 Exsultat
613 1476 708 1543 fidens,
727 1476 750 1528 si
767 1493 839 1530 nunc
857 1479 929 1530 toret
948 1477 995 1530 illa
1013 1478 1145 1544 iuventas,

469 1554 553 1607 Haud
571 1554 696 1622 equidem
714 1553 803 1621 pretio
821 1552 951 1607 inductus
967 1552 1136 1622 pulchroque
1154 1553 1266 1606 iuvenco

467 1629 618 1696 Venissem,
637 1647 686 1683 nec
704 1630 776 1682 dona
792 1647 891 1683 moror.
929 1630 973 1684 Sic
991 1629 1090 1683 deindo
1108 1628 1215 1683 locutus
1290 1643 1327 1681 sco

469 1706 503 1759 In
520 1705 640 1759 medium
656 1705 778 1772 geminos
796 1705 898 1757 inmani
912 1704 1041 1788 pondere
1060 1707 1168 1758 caestus

469 1782 595 1848 Proiecit,
614 1780 713 1849 quibus
731 1797 794 1835 acer
813 1781 887 1850 Eryx
904 1781 933 1834 in
951 1782 1055 1850 proelia
1073 1785 1168 1835 suetus

468 1857 554 1911 Eerre
573 1874 683 1910 manum
703 1857 828 1927 duroque
845 1858 991 1912 intendere
1009 1857 1135 1912 bracchia
1153 1861 1238 1925 tergo.

469 1932 634 2002 Obstipuere
652 1934 750 1987 animi:
770 1937 910 1988 tantorum
929 1934 1052 2002 ingentia
1070 1936 1175 2003 septem

468 2010 555 2078 'larga
572 2009 654 2064 boum
672 2010 784 2080 plumbo
802 2010 893 2064 insuto
911 2013 1040 2080 terreque
1058 2010 1192 2078 rigebant.
1288 2022 1327 2064 sos

468 2089 543 2141 Ante
561 2087 647 2141 omnis
665 2090 757 2156 stupet
775 2088 833 2157 ipse
852 2088 947 2155 Dares,
965 2088 1101 2155 longeque
1119 2089 1242 2151 recusat;

468 2163 712 2234 Magnanimusque
731 2163 912 2219 Anchisiades
930 2167 960 2217 et
977 2162 1084 2232 pondus
1102 2166 1132 2217 et
1149 2162 1210 2232 ipsa

468 2240 531 2295 Huc
547 2242 611 2294 illuc
628 2240 777 2295 vinclorum
794 2241 918 2293 inmensa
935 2238 1072 2293 volumina
1089 2242 1189 2294 versat.

467 2316 536 2369 'lum
554 2317 643 2371 senior
661 2318 723 2371 talis
741 2316 880 2370 referebat
897 2318 1010 2385 pectore
1029 2331 1124 2370 voces:

468 2394 547 2458 Quid,
566 2393 588 2446 si
607 2393 668 2460 quis
686 2395 793 2446 caestus
810 2393 896 2460 ipsius
915 2394 943 2446 et
963 2392 1091 2445 Herculis
1109 2408 1184 2444 arma
1289 2407 1327 2445 aro

468 2467 592 2522 Vidisset
608 2470 771 2535 tristemque
788 2467 839 2520 hoc
856 2467 960 2535 ipsein
978 2467 1059 2520 litore
1077 2471 1212 2536 puguam‘l

469 2545 545 2598 Hace
561 2560 707 2613 germanus
725 2544 798 2612 Eryx
816 2542 954 2611 quondam
972 2546 1036 2596 tuus
1053 2560 1129 2597 arma
1146 2544 1260 2611 gerebat
1267 2566 1309 2611 ;-

468 2620 603 2688 Sanguine
622 2619 710 2672 cernis
728 2619 818 2673 adhuc
836 2634 986 2687 sparsoque
1004 2619 1105 2674 iniecta
1123 2621 1236 2674 cerebro
1245 2641 1288 2687 3-

468 2696 520 2749 llis
537 2712 666 2763 magnum
685 2694 802 2749 Alciden
821 2697 916 2748 contra
935 2695 1029 2761 stetit;
1047 2696 1090 2749 his
1108 2712 1159 2765 ego
1178 2699 1278 2763 suetus,

466 2771 540 2824 Dum
557 2772 653 2825 melior
670 2771 735 2825 viris
755 2772 864 2839 sanguis
883 2771 975 2837 dabat,
995 2772 1101 2825 aemula
1119 2772 1236 2826 necdum
1289 2789 1326 2825 aa

467 2847 645 2917 Temporibus
662 2848 777 2916 geminis
795 2847 910 2901 canebat
929 2864 1023 2916 sparsa
1041 2852 1176 2904 senectus.

467 2923 523 2978 Sed
540 2924 562 2978 si
580 2927 674 2977 nostra
690 2924 778 2978 Dares
795 2924 863 2978 haec
882 2924 978 2977 Troius
995 2940 1071 2977 arma
1088 2927 1205 2993 recusat,

468 3000 558 3069 quue
575 3001 620 3069 pio
639 3000 717 3054 sedet
737 3002 854 3068 Aeneae,
873 2999 974 3069 probat
993 3004 1088 3054 auctor
1107 3003 1231 3071 Acestes,

469 3079 626 3145 Aequemus
644 3093 756 3145 pugnas.
793 3076 886 3146 Erycis
905 3075 957 3129 tibi
976 3080 1054 3145 terga
1072 3078 1201 3142 remitte;

468 3152 547 3207 Solve
564 3155 669 3217 metus;
689 3156 718 3206 et
736 3156 768 3206 tu
786 3153 916 3206 Troianos
935 3169 1004 3205 exue
1022 3156 1136 3207 caestus.
1289 3168 1326 3209 aaa

469 3228 546 3282 Haec
563 3229 635 3282 tatus
654 3228 790 3298 duplicem
809 3246 844 3282 ex
862 3229 984 3281 humeris
1002 3230 1101 3283 reiecit
1118 3230 1254 3296 amictum,

468 3305 505 3358 Et
516 3322 628 3372 magnos
640 3305 825 3359 membrorum
838 3308 924 3373 artus,
936 3322 1035 3373 magna
1047 3322 1108 3360 ossa
1120 3305 1294 3374 lacertosque

468 3381 559 3449 Exuit,
578 3385 661 3451 atque
679 3382 776 3449 iugens
793 3381 884 3435 media
902 3381 1026 3435 mnsistit
1044 3398 1134 3436 arena

466 3457 533 3510 Tum
551 3463 628 3512 satus
647 3456 770 3511 Anchisa
788 3461 896 3511 caestus
914 3461 995 3527 pater
1013 3458 1114 3512 extulit
1131 3474 1242 3527 aequos.

448 3531 490 3584 ln
503 3537 626 3603 paribus
642 3536 756 3607 palmas
776 3537 924 3592 amborum
940 3536 1068 3591 innexuit
1084 3535 1177 3587 armus.
1292 3533 1330 3587 us

360 3624 364 3630 ¹
437 3603 582 3667 Constitit
600 3615 630 3668 in
653 3615 766 3687 digitos
785 3617 937 3689 extemplo
956 3617 1088 3670 arrectus
1102 3613 1235 3674 uiasque,

419 3676 636 3762 Bmoebiaque
656 3694 696 3751 ad
718 3714 851 3770 superas
869 3694 1032 3753 interritus
1048 3685 1158 3745 extulit
1173 3695 1268 3734 amaa.
