3467 4367
473 637 520 685 198
716 633 745 680 P.
764 631 918 680 VERGILI
936 630 1102 681 MARONIS

474 714 611 780 Quattuor
628 713 672 768 hie
688 713 812 766 invectus
830 712 909 779 equis
927 716 957 765 et
974 712 1102 780 lampada
1120 729 1253 782 quassans

476 793 529 845 Per
547 792 660 845 Graium
677 788 791 858 populos
809 787 971 856 mediaeque
989 804 1039 856 per
1058 788 1144 842 Elidis
1163 790 1261 845 urbem

475 868 540 921 lbat
558 883 648 934 ovans,
667 865 813 931 divomque
831 862 884 916 sibi
902 863 1032 932 poscebat
1049 864 1187 932 honorem,

475 943 608 997 Demens!
631 941 679 1010 qui
696 939 804 993 nimbos
822 942 851 993 et
869 956 923 992 uon
941 940 1073 993 imitabile
1092 940 1196 995 fulmen
1292 958 1329 998 soe

476 1020 551 1073 Aere
569 1022 597 1072 et
614 1016 789 1085 cornipedum
807 1015 890 1085 pulsu
908 1016 1047 1069 simularet
1066 1033 1206 1085 equorum.

476 1097 518 1148 At
534 1100 613 1165 pater
630 1094 800 1161 omnipotens
820 1091 905 1145 densa
922 1092 994 1144 inter
1013 1092 1108 1145 nubila
1125 1094 1212 1148 telum

477 1171 625 1236 contorsit,
644 1186 697 1221 non
715 1168 762 1221 ille
780 1168 853 1221 faces
872 1184 923 1220 nec
941 1168 1032 1221 fumea
1050 1169 1140 1222 taedis

477 1247 600 1312 Lumina
619 1245 852 1313 praecipitemque
870 1243 971 1325 inmani
990 1244 1100 1299 turbine
1118 1246 1220 1313 adegit.

477 1324 601 1377 Necnon
616 1327 645 1376 et
658 1321 762 1388 Tityon,
776 1320 877 1373 Terrae
889 1320 1084 1388 omniparentis
1097 1322 1243 1390 alumnum,
1294 1337 1331 1376 sm

478 1399 598 1453 Cernere
615 1400 684 1465 erat,
702 1414 752 1466 per
770 1400 829 1449 tota
847 1411 943 1448 novem
962 1396 1004 1449 cui
1022 1397 1115 1463 iugera
1133 1414 1231 1466 eorpus

479 1476 641 1543 Porrigitur‚
659 1478 803 1541 rostroque
821 1472 937 1528 inmanis
956 1471 1047 1525 voltur
1065 1472 1170 1526 obunco

480 1552 629 1604 Inmortale
647 1551 723 1603 ieeur
740 1548 857 1602 tondens
874 1547 1045 1615 fecundaque
1062 1550 1157 1616 poenis

480 1626 591 1680 Viscera
608 1627 779 1693 rimaturque
797 1624 884 1692 epulis
901 1622 1063 1692 habitatque
1082 1625 1132 1678 sub
1150 1625 1206 1680 alto

480 1703 602 1769 Pectore,
619 1718 670 1755 nee
687 1701 764 1753 fibris
782 1700 890 1768 requies
909 1699 991 1752 datur
1010 1700 1064 1753 ulla
1082 1702 1193 1755 renatis.
1294 1716 1333 1757 eoo

480 1778 553 1842 Quid
571 1794 719 1831 memorem
740 1776 878 1843 Lapithas,
899 1776 995 1828 Ixiona
1015 1776 1240 1846 Pirithoumque?

481 1854 554 1918 Quos
572 1870 655 1921 super
673 1856 733 1905 atra
752 1851 819 1905 silex
836 1852 891 1904 ianr
909 1852 963 1904 iam
982 1852 1091 1920 lapsura
1109 1854 1272 1922 cadentique

481 1928 610 1982 Imminet
628 1929 776 1994 adsimilis;
797 1928 889 1981 lucent
908 1928 1058 1995 genialibus
1076 1929 1139 1982 altis

481 2007 576 2059 Amce
592 2005 680 2058 fulcra
698 2004 772 2071 toris,
791 2004 942 2072 epulaeque
961 2008 1024 2056 ante
1044 2022 1091 2057 ora
1109 2008 1222 2073 paratae

481 2081 603 2149 chifico
620 2081 702 2146 luxu3
723 2080 867 2133 Furiarum
887 2095 1015 2132 maxuma
1032 2081 1110 2134 iuxta
1296 2098 1335 2138 eos

481 2159 613 2227 Accubat,
632 2162 662 2212 et
678 2157 802 2211 manibus
820 2155 947 2225 prohibet
966 2156 1123 2223 contingere
1141 2174 1258 2227 menses,

481 2234 668 2304 Exsurgitque
685 2235 773 2288 facem
791 2231 926 2299 attollens,
946 2236 1029 2299 atque
1047 2233 1154 2288 intonat
1171 2250 1227 2288 ore.

482 2310 542 2376 Hic,
562 2312 661 2381 quibus
678 2310 759 2364 invisi
776 2310 883 2375 fratres,
903 2308 969 2361 dum
987 2309 1043 2362 vita
1061 2309 1197 2379 manebat,

482 2386 644 2440 Pulsatnsvo
661 2402 768 2454 parens,
787 2388 816 2438 et
833 2386 909 2437 fraus
927 2384 1026 2438 innexa
1045 2385 1144 2453 clienti,

398 2516 400 2520 .
482 2463 543 2516 Aut
560 2463 606 2530 qui
625 2462 726 2515 divitiis
745 2461 795 2514 soli
813 2460 960 2514 incubuere
979 2462 1107 2529 repertis,
1297 2478 1336 2519 em

482 2539 509 2591 N
511 2555 541 2591 ec
558 2542 665 2606 partem
682 2553 797 2603 posuere
816 2536 879 2603 suis,
898 2553 969 2604 quac
987 2554 1113 2592 maxuma
1130 2538 1214 2593 turba
1231 2540 1284 2603 est,

483 2614 591 2682 Quique
609 2613 644 2666 ob
662 2612 827 2665 adulterium
845 2612 925 2678 oaesi,
944 2613 1045 2681 quique
1063 2631 1140 2667 erma
1158 2613 1245 2669 secuti

484 2690 573 2757 Impia
590 2705 641 2742 nec
658 2688 737 2742 veriti
756 2688 926 2741 dominorum
944 2689 1039 2744 fallere
1059 2690 1180 2758 dextras,

484 2765 585 2819 Inclusi
602 2781 718 2833 poenam
735 2768 902 2833 exspectant.
938 2764 964 2819 N
967 2781 982 2818 e
1001 2782 1101 2833 quaere
1120 2766 1219 2836 doceri,

484 2843 571 2907 Quam
583 2858 705 2910 poenam,
718 2845 766 2895 aut
778 2858 849 2910 quae
860 2841 949 2895 forma
960 2842 1033 2894 viros
1049 2843 1191 2897 fortunave
1202 2843 1307 2898 mersit.

484 2919 585 2972 Saxum
603 2919 698 2985 iugens
716 2918 828 2972 volvunt
845 2918 898 2985 alii,
916 2917 1055 2986 radiisque
1073 2922 1194 2972 rotarum
1298 2933 1338 2973 ere

484 2994 609 3048 Districti
627 2994 763 3061 pendent3
783 2995 869 3062 sedet,
889 2996 1087 3061 aeternumque
1105 2994 1221 3061 sedebit,

484 3071 584 3125 Infelix
603 3070 738 3135 Theseum
759 3070 949 3138 Phlegyasque
969 3070 1136 3123 miserrimus
1154 3070 1242 3124 omnis

485 3148 626 3201 Admonet
644 3151 673 3201 et
690 3163 790 3215 magna
807 3149 927 3200 testatur
945 3162 1009 3198 voce
1028 3162 1077 3214 per
1094 3146 1219 3201 umbras:

483 3223 608 3277 “Discite
624 3223 757 3277 iustitiam
776 3222 879 3289 moniti,
898 3225 998 3275 othon
1017 3225 1140 3277 temnere
1159 3222 1258 3277 dives”
1299 3238 1339 3279 m

484 3300 617 3358 Vendidit
634 3299 678 3353 hie
695 3315 761 3353 auro
779 3298 904 3366 patriam,
925 3297 1120 3367 dominumque
1137 3301 1282 3368 potentem

485 3375 625 3445 Inposuit;
644 3375 704 3428 fixit
721 3374 797 3441 leges
815 3374 904 3443 pretio
923 3376 1007 3441 atque
1025 3374 1133 3441 refixit;

478 3451 539 3505 Hic
556 3451 706 3506 mmamum
724 3450 825 3504 invasit
841 3454 924 3504 natae
943 3450 1099 3519 vetitosque
1116 3451 1296 3519 hymenaeos3

465 3528 544 3581 Ausi
561 3545 661 3583 omnes
677 3528 792 3585 inmane
810 3528 898 3600 nefas,
916 3543 1041 3596 ausoqne
1055 3527 1148 3596 potiti.

451 3600 531 3673 Non,
551 3606 627 3661 mihi
646 3608 672 3665 si
689 3608 811 3681 linguae
831 3612 950 3666 centum
967 3605 1027 3660 siut
1043 3618 1150 3670 oraque
1166 3602 1288 3660 mum
1318 3611 1360 3650 Ὠ·

439 3676 561 3740 Ferrea
580 3681 649 3760 vox,
670 3691 769 3748 omnis
789 3690 944 3748 scelerum
960 3676 1163 3751 conprendere
1179 3671 1298 3727 termes,
