3467 4367
683 625 889 677 GEORGICON
906 626 976 677 LIB.
994 626 1048 677 111.
1264 628 1295 675 53

437 705 534 775 Atque
551 704 596 761 hie
612 705 763 760 undantem
781 706 854 761 bello
872 724 1057 777 magnumque
1074 706 1205 761 fluentem

434 779 531 835 Nilum
549 798 582 836 ac
598 781 689 835 navali
707 783 846 851 surgentis
864 800 928 838 aere
946 783 1091 839 columnas.
1235 795 1238 802 '

434 858 550 912 Addam
567 857 650 911 urbes
668 858 754 913 Asiae
773 858 892 913 domitas
910 860 1073 929 pulsumque
1091 860 1231 928 Niphaten
1270 870 1297 913 ee

435 934 637 1003 Fidentemque
654 934 720 1002 iuga
739 934 873 989 Parthum
892 936 1034 1004 versisque
1052 936 1168 1004 sagittis,

435 1010 473 1065 Et
490 1010 546 1064 duo
563 1014 645 1079 rapta
662 1028 745 1064 manu
765 1010 874 1065 diverso
894 1028 928 1065 ex
946 1011 1026 1065 hoste
1044 1017 1157 1082 tropaea

435 1088 539 1157 Bisque
555 1087 740 1157 triumphatas
757 1090 878 1156 utroque
897 1088 932 1141 ab
951 1087 1032 1142 litore
1050 1090 1148 1156 gentis.

434 1164 556 1219 Stabunt
573 1166 604 1219 et
622 1163 696 1217 Parii
713 1164 825 1233 lapides,
844 1165 978 1234 spirantia
994 1164 1080 1233 signe,

436 1240 564 1295 Assaraci
581 1240 673 1310 proles
691 1240 883 1310 demissaeque
901 1241 936 1295 ab
957 1241 1024 1296 lore
1040 1241 1131 1309 gentis
1270 1257 1295 1298 as

434 1317 560 1384 Nomina,
579 1317 702 1386 Trosque
719 1334 828 1387 parens,
847 1322 877 1372 et
895 1318 992 1371 Troiae
1011 1317 1143 1385 Cynthius
1160 1322 1262 1373 auctor.

437 1393 544 1447 lnvidia
560 1392 656 1448 infelix
675 1394 774 1447 Furias
791 1410 955 1463 amnemque
974 1410 1098 1469 severum

434 1470 529 1539 Cocyti
547 1473 655 1524 metuet
674 1473 819 1539 tortosque
838 1470 944 1524 Ixionis
963 1470 1059 1538 anguis

434 1547 634 1616 Inmanemque
652 1550 750 1615 rotam,
768 1550 798 1601 et
815 1563 871 1601 non
890 1546 1081 1616 exsuperabile
1098 1563 1201 1602 saxum.

434 1622 549 1678 Interea
566 1623 708 1692 Dryadum
727 1623 809 1678 silvas
828 1624 969 1693 saltusque
988 1640 1135 1692 sequamur
1271 1648 1294 1688 40

434 1699 567 1768 Intactas,
586 1704 641 1768 tua,
662 1700 814 1768 Maecenas,
834 1700 908 1753 haud
927 1700 1019 1755 mollia
1036 1701 1117 1754 iussa.

434 1775 473 1830 Te
491 1775 550 1831 sine
568 1776 607 1830 nil
627 1776 714 1830 altum
733 1793 810 1831 mens
828 1777 953 1833 inchoat:
972 1794 1006 1831 en
1023 1794 1082 1845 age,
1101 1777 1191 1844 segnis

434 1852 544 1921 Rumpe
562 1869 668 1918 moras;
686 1855 766 1907 vocat
783 1853 890 1922 ingenti
909 1854 1027 1908 clamore
1046 1853 1193 1908 Cithaeron

433 1928 603 1998 Taygetique
622 1945 704 1983 canes
723 1928 911 1999 domitrixque
931 1931 1084 1999 Epidaurus
1102 1945 1244 1999 equorum,
1345 1932 1349 1938 '

434 2004 472 2058 ut
491 2021 544 2058 vox
562 2004 681 2059 adsensu
699 2022 841 2061 nemorum
860 2008 1027 2075 ingeminata
1045 2006 1170 2075 remugit.
1271 2019 1296 2059 le

433 2081 500 2135 Mox
518 2084 614 2136 tamen
632 2082 762 2151 ardentisv
774 2085 900 2151 accingar
919 2083 1010 2138 dicere
1029 2099 1134 2153 pugnas

433 2157 566 2225 Caesaris,
586 2161 616 2213 et
634 2175 732 2213 nomon
752 2160 824 2214 fama
843 2162 886 2214 tot
904 2160 977 2214 ferre
995 2177 1045 2229 per
1062 2174 1153 2225 annos,

432 2232 543 2287 Tithoni
562 2234 651 2303 prima
669 2239 736 2305 quot
755 2236 834 2289 abest
852 2236 887 2289 ab
906 2236 1010 2303 origine
1029 2236 1136 2289 Caesar.

468 2309 523 2364 Seu
540 2312 610 2380 quis,
631 2310 804 2381 Olympiacae
822 2312 939 2365 miratus
959 2311 1081 2379 praemia
1098 2311 1213 2379 palmae,

432 2386 527 2442 Pascit
545 2404 637 2457 equos,
655 2404 704 2442 seu
723 2389 784 2457 quis
802 2388 881 2441 fortis
900 2387 937 2440 ad
955 2391 1047 2442 aratra
1065 2387 1198 2454 iuvencos,
1269 2404 1293 2442 so

432 2463 555 2533 Corpora
574 2466 720 2534 praecipue
738 2468 858 2518 matrum
876 2465 959 2532 legat.
999 2464 1121 2534 Optuma
1137 2466 1232 2517 torrae

432 2539 534 2595 Forma
552 2541 637 2609 bovis,
657 2542 701 2595 cui
719 2545 801 2611 turpe
821 2544 912 2611 eaput,
930 2542 972 2595 cui
993 2541 1110 2610 plurima
1128 2540 1228 2605 cervix,

432 2616 471 2671 llt
488 2632 598 2676 crurum
617 2623 698 2672 tensis
717 2635 734 2672 a
751 2622 844 2673 mento
864 2619 984 2687 palearia
1001 2617 1138 2687 pendent3

432 2693 502 2747 Tum
519 2693 600 2763 longo
619 2695 709 2748 nullus
728 2695 809 2749 lateri
828 2694 941 2760 modus;
958 2694 1048 2747 omnia
1066 2709 1171 2760 magna,

433 2769 488 2826 Pes
505 2772 605 2837 etiam;
622 2774 651 2825 et
670 2772 787 2825 camuris
806 2772 897 2826 hirtae
916 2772 967 2825 sub
986 2769 1112 2823 cornibus
1130 2784 1217 2822 aures.
1269 2782 1293 2821 ss

432 2846 493 2901 Nec
510 2847 577 2901 mihi
595 2847 739 2917 displiceat
758 2849 871 2902 maculis
889 2848 1004 2915 insignis
1022 2850 1050 2900 et
1068 2845 1137 2911 albo,

432 2924 493 2979 Aut
509 2924 574 2992 iuga
592 2924 749 2978 detrectans
768 2924 965 2993 interdumque
982 2939 1080 2991 aspera
1096 2937 1188 2987 cornu,

432 3002 470 3055 Et
487 3002 584 3055 faciem
601 3003 681 3054 tauro
701 3002 819 3071 propior,
841 3016 967 3070 quaeque
986 3000 1072 3052 ardua
1089 2999 1157 3064 tota,

432 3078 470 3131 Ilt
486 3077 615 3146 gradiens
632 3078 687 3132 ima
708 3079 793 3133 verrit
812 3078 929 3145 vestigia
947 3075 1042 3131 cauda.

433 3153 520 3208 Aetas
539 3154 668 3209 Lucinam
688 3156 831 3226 iustosque
850 3155 909 3224 pati
926 3154 1089 3222 hymenaeos
1270 3163 1294 3202 oo

432 3229 541 3285 Desinit
558 3236 623 3285 aute
643 3232 747 3301 decem,
766 3237 829 3303 post
849 3235 981 3302 quattuor
1000 3228 1095 3296 incipit
1113 3243 1212 3290 annos;

407 3325 411 3331 ’
432 3307 533 3362 Cetera
549 3324 601 3363 nec
619 3310 729 3363 feturae
748 3308 854 3375 habilis,
875 3325 925 3362 nee
944 3306 1023 3360 fortis
1042 3305 1147 3357 aratris.

433 3385 552 3453 Interea,
573 3390 685 3456 superat
704 3386 833 3454 gregibus
854 3385 919 3439 dum
939 3385 1012 3437 laeta
1029 3382 1164 3445 iuventas,

432 3462 513 3516 Solve
531 3479 638 3529 maresy
655 3464 737 3517 mitte
754 3462 784 3518 in
803 3461 950 3519 Venerem
966 3460 1104 3536 pecuaria
1117 3458 1244 3527 primae

421 3540 519 3604 Atque
536 3538 619 3592 aliam
639 3557 674 3595 ex
693 3542 749 3596 alia
767 3543 939 3614 generando
958 3542 1060 3599 suffice
1079 3536 1206 3619 prolem,
1312 3532 1343 3567 T*

411 3609 535 3675 ΟΡῧΨΠ8
554 3632 689 3687 quaeque
710 3621 777 3679 dies
796 3624 918 3681 miseris
938 3619 1125 3680 mortalibus
1142 3625 1214 3666 affl

397 3680 494 3737 pm
511 3687 607 3760 ⁶¹8²st
625 3697 762 3759 subeunt
783 3706 886 3763 morbi
906 3705 1081 3772 tristisque
1102 3688 1267 3751 senech&
