3467 4367
641 938 1097 1021 BUOOLIOON

792 1089 948 1146 meum

818 1276 916 1306 ..φ-

739 1433 995 1493 nenoear.
1086 1394 1089 1399 ’

792 1568 956 1618 TITYRUS.

701 1697 877 1738 memorans.
902 1696 1037 1740 TITYRUS.

445 1792 490 1847 M.
509 1791 626 1859 Tmen,
643 1793 676 1845 tu
691 1790 802 1858 patulae
819 1790 953 1843 recubans
970 1788 1022 1842 sub
1040 1788 1161 1857 tegmine
1178 1789 1234 1857 fagi

447 1868 606 1922 Silvestrcm
623 1866 701 1921 tenui
718 1863 826 1920 Musam
843 1864 985 1918 meditaris
1003 1881 1106 1931 avena,

447 1944 473 1998 N
475 1961 504 1998 os
521 1943 628 2013 patriae
646 1941 708 1994 finis
726 1945 755 1995 et
772 1940 862 1994 dulcia
880 1940 1027 2009 linquimus
1045 1959 1125 1997 arva:

446 2020 505 2075 Nos
521 2018 638 2089 patriam
656 2016 790 2085 saginum
807 2022 854 2088 tu„
865 2017 966 2086 Tityre,
984 2017 1075 2074 lentus
1092 2018 1121 2071 in
1138 2016 1236 2073 umbra

447 2097 604 2151 Formosam
622 2110 750 2149 resonare
767 2094 850 2149 doces
868 2094 1037 2163 Amaryllida
1055 2096 1146 2149 silvas.
1288 2110 1301 2149 5

451 2172 482 2227 Τ.
500 2171 524 2224 0
542 2170 684 2237 Meliboee,
703 2170 772 2225 deus
788 2171 866 2224 nobis
885 2171 951 2224 haec
969 2171 1025 2223 otia
1041 2171 1115 2224 fecit.

447 2248 473 2300 N
475 2264 572 2316 amque
589 2248 643 2302 erit
660 2246 707 2301 ille
724 2247 791 2300 mihi
809 2263 918 2316 semper
936 2246 1019 2311 deus;
1036 2245 1109 2299 illius
1125 2262 1201 2299 aram

447 2323 534 2392 Saepe
551 2326 629 2378 tener
646 2323 748 2377 nostris
764 2322 800 2377 ab
818 2322 933 2376 ovilibus
950 2321 1057 2376 imbuet
1075 2338 1167 2391 agnus.

447 2399 499 2453 Ille
516 2415 590 2453 meas
608 2416 700 2454 errare
717 2400 807 2465 bores,
826 2403 858 2453 ut
876 2399 972 2468 cernis,
990 2403 1020 2454 et
1037 2400 1126 2468 ipsum

446 2476 563 2543 Ludere,
582 2492 652 2545 quae
670 2477 774 2542 vellem,
793 2476 896 2530 calamo
914 2477 1039 2545 permisit
1057 2475 1166 2543 agresti.
1275 2488 1299 2528 ro

445 2552 488 2606 Μ.
506 2552 532 2605 N
533 2568 568 2605 on
585 2552 713 2621 equidem
731 2551 857 2617 invideo;
875 2551 959 2606 miror
976 2552 1078 2620 magis:
1095 2552 1217 2619 undique
1233 2550 1299 2605 tetis

446 2628 541 2696 Usque
559 2628 627 2681 adeo
645 2629 774 2682 turbatur
791 2628 872 2696 agris.
910 2629 960 2695 En,
978 2629 1037 2697 ipse
1055 2628 1172 2698 capellas

446 2704 574 2759 Protinus
591 2720 674 2773 aeger
691 2721 760 2773 ago;
776 2704 846 2760 hanc
864 2705 947 2759 etiam
965 2704 1018 2772 vix,
1037 2705 1136 2774 Tityre,
1155 2704 1234 2758 duce.

447 2780 501 2834 Hie
518 2780 591 2833 inter
608 2780 708 2834 densas
725 2780 829 2849 corylos
846 2780 928 2834 modo
945 2796 1063 2849 namque
1081 2780 1218 2849 gemellos,

445 2855 528 2925 Spem
544 2854 643 2924 gregis,
661 2854 712 2910 ah!
731 2855 806 2910 silice
823 2855 853 2909 in
871 2855 945 2910 nuda
962 2857 1076 2910 connixa
1094 2856 1213 2924 reliquit.
1276 2869 1300 2910 15

445 2931 532 3000 Saepe
550 2932 651 2985 malum
668 2931 720 2986 hoe
736 2931 822 3000 nobis,
841 2932 865 2985 si
882 2948 959 2986 mens
976 2950 1030 2986 non
1048 2932 1126 2987 laeva
1143 2932 1247 2999 fuisset,

445 3008 488 3061 De
505 3008 580 3062 eaelo
597 3012 686 3064 tactas
703 3008 817 3062 memini
834 3008 994 3078 praedicere
1013 3025 1137 3078 quercus.

443 3084 544 3154 [Saepe
561 3085 672 3141 sinistra
689 3102 756 3141 cava
772 3086 912 3155 praedixit
928 3084 963 3139 ab
981 3086 1042 3140 ilice
1060 3084 1174 3155 counire]

444 3161 501 3216 Sed
518 3165 617 3226 tamen,
635 3162 689 3217 iste
708 3163 776 3217 deus
795 3162 843 3231 qui
861 3163 906 3229 sit,
924 3162 966 3228 da,
985 3162 1085 3232 Tityre,
1103 3163 1188 3217 nobis.

448 3237 481 3292 Τ.
498 3238 611 3307 Urbem,
630 3256 711 3308 quam
729 3239 826 3293 dicunt
844 3238 968 3305 Romam,
986 3233 1130 3307 Meliboee,
1147 3235 1242 3307 putavi
1276 3252 1301 3291 no

444 3314 552 3369 Stultus
570 3333 620 3383 ego
637 3317 700 3370 huie
717 3318 828 3370 nostrae
846 3314 970 3382 similem,
990 3331 1044 3383 quo
1062 3330 1144 3383 saepe
1162 3315 1281 3369 solemus

445 3390 574 3444 Pastores
592 3392 681 3445 ovium
699 3396 810 3448 teneros
828 3391 972 3465 depellere
988 3391 1075 3448 istus.

436 3464 485 3516 Sic
500 3466 613 3521 mnibus
630 3470 737 3528 catulos
757 3472 866 3543 similis,
885 3472 928 3531 sie
944 3471 1094 3529 matribus
1105 3466 1227 3522 haedos

423 3537 536 3607 ΝΟΜ,
554 3543 598 3598 ⁸1⁰
612 3550 711 3616 parvis
731 3569 904 3625 conponere
922 3570 1037 3624 mmana
1055 3546 1203 3605 sciebam.

419 3608 522 3668 V0fflm
540 3617 614 3677 baec
634 3628 758 3689 tantum
775 3633 855 3694 alias
874 3634 961 3694 inter
983 3631 1085 3703 caput.
1101 3619 1224 3681 extum
1237 3608 1351 3663 mma
