3467 4367
683 639 1006 691 hemerammum
1066 608 1068 611 ’
1220 643 1266 690 ses

412 725 551 779 Hortatur
568 721 741 776 Mnestheus:
760 720 847 787 Nunc,
865 737 938 775 nunc
954 720 1087 789 insurgite
1103 723 1194 787 remis,

411 799 545 855 Hectorei
563 798 635 864 socii,
654 798 751 851 Troiae
770 813 839 866 quos
857 801 932 852 sorte
950 814 1077 867 suprema
1231 812 1267 855 ιω

411 876 508 944 Delegi
528 876 659 941 comites3
676 891 748 929 nunc
765 874 827 927 illas
845 876 963 943 promite
980 876 1052 945 viris,

410 954 490 1008 Nunc
508 952 619 1019 animos,
638 951 737 1021 quibus
754 951 783 1004 in
798 952 924 1005 Gaetulis
943 951 1067 1021 Syrtibus
1084 952 1127 1005 usi

411 1030 545 1097 Ionioque
563 1029 633 1082 mari
652 1029 814 1098 Maleaeque
832 1028 994 1097 sequacibus
1012 1029 1100 1083 undis.

410 1107 474 1161 Non
491 1107 546 1159 iam
564 1106 652 1174 prima
669 1108 734 1174 peto
753 1105 921 1173 Mnestheus,
940 1122 1030 1174 neque
1048 1106 1155 1160 vincere
1176 1109 1266 1172 certo;

412 1182 585 1251 Quamquam
609 1181 734 1237 ol—Sed
761 1185 900 1249 superent,
925 1181 1024 1250 quibus
1048 1181 1106 1250 hoo,
1131 1181 1267 1251 Neptune,

484 1257 603 1324 dedisti;
1232 1272 1268 1311 uo

412 1336 559 1389 Extremos
576 1335 680 1403 pudeat
697 1334 828 1399 rediisse3
845 1333 897 1387 hoo
913 1334 1021 1404 vincite,
1038 1338 1117 1406 cives,

412 1412 449 1465 ut
467 1411 611 1481 prohibete
629 1412 713 1465 nefas
752 1411 806 1464 Olli
823 1412 973 1466 certamine
991 1430 1095 1467 summo

413 1487 617 1552 Procumbunt
635 1489 719 1541 vastis
736 1491 832 1545 tremit
849 1492 949 1546 ictibus
967 1506 1047 1543 aerea
1063 1490 1169 1559 puppis,

412 1564 647 1632 Subtrahiturque
666 1565 768 1631 solum;
785 1571 845 1621 tum
863 1568 961 1622 creber
979 1567 1114 1620 anhelitus
1131 1569 1208 1620 artus

413 1640 556 1709 Aridaque
575 1657 623 1694 ora
641 1642 746 1710 quatit3
765 1645 849 1697 sudor
867 1645 929 1698 fluit
946 1644 1067 1713 undique
1085 1643 1155 1696 rivis.
1231 1656 1268 1699 200

414 1717 519 1773 Attulit
535 1715 594 1785 ipsc
612 1716 676 1769 viris
694 1722 818 1785 optatum
836 1737 915 1774 casus
932 1721 1067 1774 honorem

412 1793 539 1861 Namque
557 1794 651 1847 furens
670 1795 752 1848 animi
771 1795 838 1850 dum
857 1814 965 1866 proram
983 1797 1019 1849 nd
1037 1812 1102 1850 saxa
1117 1795 1267 1862 suburguet

414 1869 534 1924 Interior
552 1871 695 1939 spatioque
715 1872 790 1927 subit
809 1873 956 1942 Sergestus
973 1874 1072 1941 iniquo,

414 1946 514 1999 Infelix
533 1947 605 1999 saxis
624 1945 652 2000 in
670 1950 895 2016 procurrentibus
912 1950 1006 2004 haesit.

413 2022 566 2078 Concussae
585 2026 685 2089 cautes,
705 2028 733 2078 et
752 2030 833 2078 acuto
850 2025 879 2079 in
896 2026 998 2080 murice
1015 2027 1084 2080 remi
1233 2037 1269 2076 auo

414 2097 516 2152 Obnixi
535 2115 674 2168 crepuere,
691 2100 827 2168 inlisaque
845 2118 927 2169 prora
944 2101 1080 2170 pependit.

414 2173 589 2243 Consurgunt
609 2179 710 2229 nautae
731 2179 759 2229 et
778 2193 876 2244 magno
896 2177 1012 2230 elamore
1029 2178 1176 2243 morantur,

415 2250 600 2321 Ferratasque
619 2252 716 2306 trudes
734 2256 763 2306 et
781 2256 861 2306 acuta
881 2252 992 2321 cuspide
1010 2256 1103 2305 contos

416 2326 580 2397 llxpediunt,
598 2329 755 2397 fractosque
772 2329 868 2396 legunt
886 2328 913 2380 in
932 2328 1040 2395 gurgite
1057 2343 1155 2381 remos.

415 2405 457 2459 At
473 2404 563 2458 laetus
583 2404 744 2459 Mnestheus
763 2414 944 2473 successuque
963 2405 1050 2457 acrior
1066 2403 1126 2473 ipso
1235 2415 1272 2456 aro

417 2481 535 2548 Agmine
553 2497 690 2534 remorum
710 2480 793 2534 celeri
812 2482 956 2548 ventisque
974 2481 1076 2534 voeatis

416 2556 505 2610 Prona
522 2557 595 2625 petit
612 2557 698 2609 maria
716 2562 745 2612 et
763 2558 860 2626 pelago
880 2556 1001 2610 decurrit
1019 2559 1121 2625 aperto.

416 2632 510 2697 Qualis
528 2632 656 2700 spelunca
674 2634 763 2687 subito
781 2635 917 2687 commota
934 2633 1065 2699 columba,

416 2706 467 2761 uui
485 2708 582 2762 domus
600 2713 629 2763 et
648 2710 740 2764 dulces
757 2709 896 2764 latebroso
913 2710 942 2763 in
959 2710 1065 2778 pumice
1081 2709 1147 2775 nidi,

415 2783 517 2839 Fertur
528 2785 556 2838 in
569 2802 634 2839 arva
646 2787 746 2854 volans,
759 2788 941 2856 plausumque
954 2786 1087 2839 exterrita
1097 2785 1194 2852 pennis
1239 2798 1275 2838 aut

415 2859 472 2915 Dat
488 2864 563 2914 tecto
580 2862 727 2930 ingentem,
746 2881 809 2915 mox
827 2880 891 2916 aere
909 2863 985 2930 lapsa
1003 2862 1096 2930 quieto

416 2935 501 2990 Radit
520 2936 574 2990 iter
592 2937 735 3005 liquidum,
756 2939 852 2992 celeris
872 2954 962 3006 neque
980 2941 1131 2992 commovet
1148 2938 1219 2991 alas:

416 3011 460 3066 Sic
478 3013 648 3080 Mnestheus,
668 3015 706 3067 sic
723 3014 784 3083 ipsa
803 3016 869 3083 iuga
889 3017 964 3068 sccat
983 3012 1080 3067 ultima
1097 3011 1196 3067 Pristis

416 3093 555 3158 Aequora,
575 3090 706 3144 siciliam
726 3092 781 3146 fert
800 3092 921 3160 impetus
938 3091 997 3159 ipse
1014 3089 1158 3144 volantem

416 3166 453 3220 Et
470 3166 589 3233 primum
606 3166 635 3218 in
656 3168 765 3235 scopulo
786 3168 936 3222 luctantem
955 3166 1060 3221 deserit
1077 3166 1133 3220 alto
1242 3180 1279 3220 aao

416 3241 575 3309 Seqcstum
593 3242 778 3312 brevibusque
799 3245 877 3298 vadis
897 3244 1054 3312 frustraque
1071 3247 1213 3297 vocantem

417 3317 529 3371 Auxilia
547 3321 576 3372 et
593 3319 689 3373 fractis
709 3321 860 3374 discentem
879 3337 989 3375 currere
1006 3319 1096 3373 remis.

417 3394 488 3447 Inde
508 3395 585 3462 Gyan
602 3397 746 3464 ipsamque
767 3397 872 3465 ingenti
893 3399 964 3451 mole
984 3397 1156 3452 Chimaeram

417 3469 618 3539 Consequitur;
636 3471 717 3540 cedit,
737 3473 868 3541 quoniam
884 3473 1007 3543 spoliata
1019 3472 1163 3537 magistro
1179 3470 1238 3517 aaa.

413 3548 495 3600 Solus
512 3548 566 3600 iam
588 3566 623 3603 ue
641 3549 703 3620 ipso
722 3555 856 3623 superest
873 3552 908 3607 in
925 3553 987 3606 hnc
1003 3544 1189 3603 chessuim.

406 3624 502 3702 Quem
515 3620 553 3693 pe
570 3631 601 3698 rt,
617 3631 650 3683 et
671 3630 794 3687 summis
814 3630 948 3687 adnixus
964 3626 1087 3684 strutus
1103 3610 1235 3679 mm

398 3698 467 3751 Tum
490 3717 559 3758 vero
579 3707 752 3779 ingeminat
768 3711 903 3783 clamor,
921 3706 1095 3771 eutrotiaml
1111 3675 1315 3751 *eqffimm

1288 3538 1335 3574 ‘tlh
