<?xml version="1.0" encoding="UTF-8"?>
<!DOCTYPE html PUBLIC "-//W3C//DTD XHTML 1.0 Transitional//EN"
    "http://www.w3.org/TR/xhtml1/DTD/xhtml1-transitional.dtd">
<html xmlns="http://www.w3.org/1999/xhtml" xml:lang="en" lang="en">
 <head>
  <title>
</title>
<meta http-equiv="Content-Type" content="text/html;charset=utf-8" />
  <meta name='ocr-system' content='tesseract 3.04.00' />
  <meta name='ocr-capabilities' content='ocr_page ocr_carea ocr_par ocr_line ocrx_word'/>
</head>
<body>
  <div class='ocr_page' id='page_1' title='image "./publivergilimar02virggoog/publivergilimar02virggoog_0327.png"; bbox 0 0 3467 4367; ppageno 0'>
   <div class='ocr_carea' id='block_1_1' title="bbox 670 646 1282 697">
    <p class='ocr_par' dir='ltr' id='par_1_1' title="bbox 670 646 1282 697">
     <span class='ocr_line' id='line_1_1' title="bbox 670 646 1282 697; baseline 0.003 -3"><span class='ocrx_word' id='word_1_1' title='bbox 670 646 854 694; x_wconf 84' lang='lat' dir='ltr'>AENEIDOS</span> <span class='ocrx_word' id='word_1_2' title='bbox 872 646 937 694; x_wconf 87' lang='lat' dir='ltr'><strong>LIB.</strong></span> <span class='ocrx_word' id='word_1_3' title='bbox 958 646 1024 695; x_wconf 87' lang='lat' dir='ltr'>XII.</span> <span class='ocrx_word' id='word_1_4' title='bbox 1238 648 1282 697; x_wconf 75' lang='lat'><strong>317</strong></span> 
     </span>
    </p>
   </div>
   <div class='ocr_carea' id='block_1_2' title="bbox 421 726 1288 3756">
    <p class='ocr_par' dir='ltr' id='par_1_2' title="bbox 434 726 1064 796">
     <span class='ocr_line' id='line_1_2' title="bbox 434 726 1064 796; baseline 0 -16"><span class='ocrx_word' id='word_1_5' title='bbox 434 726 535 780; x_wconf 89' lang='lat' dir='ltr'><strong>Oblato</strong></span> <span class='ocrx_word' id='word_1_6' title='bbox 552 727 676 794; x_wconf 87' lang='lat' dir='ltr'><strong>gaudens</strong></span> <span class='ocrx_word' id='word_1_7' title='bbox 693 728 808 796; x_wconf 91' lang='lat' dir='ltr'><strong>conponi</strong></span> <span class='ocrx_word' id='word_1_8' title='bbox 826 727 938 781; x_wconf 86' lang='lat' dir='ltr'><strong>foedere</strong></span> <span class='ocrx_word' id='word_1_9' title='bbox 955 727 1064 781; x_wconf 90' lang='lat' dir='ltr'><strong>bellum.</strong></span> 
     </span>
    </p>

    <p class='ocr_par' dir='ltr' id='par_1_3' title="bbox 434 804 1285 947">
     <span class='ocr_line' id='line_1_3' title="bbox 434 804 1285 871; baseline 0.001 -15"><span class='ocrx_word' id='word_1_10' title='bbox 434 804 503 857; x_wconf 85' lang='lat' dir='ltr'><strong>Tum</strong></span> <span class='ocrx_word' id='word_1_11' title='bbox 522 804 607 855; x_wconf 87' lang='lat' dir='ltr'><strong>socios</strong></span> <span class='ocrx_word' id='word_1_12' title='bbox 625 804 777 869; x_wconf 89' lang='lat' dir='ltr'><strong>maestique</strong></span> <span class='ocrx_word' id='word_1_13' title='bbox 795 806 900 856; x_wconf 91' lang='lat' dir='ltr'><strong>metum</strong></span> <span class='ocrx_word' id='word_1_14' title='bbox 919 804 1022 857; x_wconf 88' lang='lat' dir='ltr'><strong>solatur</strong></span> <span class='ocrx_word' id='word_1_15' title='bbox 1041 804 1103 871; x_wconf 85' lang='lat' dir='ltr'><strong>Iuli,</strong></span> <span class='ocrx_word' id='word_1_16' title='bbox 1249 817 1285 857; x_wconf 89' lang='grc'><strong>110</strong></span> 
     </span>
     <span class='ocr_line' id='line_1_4' title="bbox 436 878 1126 947; baseline -0.003 -16"><span class='ocrx_word' id='word_1_17' title='bbox 436 879 504 931; x_wconf 82' lang='lat' dir='ltr'><strong>Fata</strong></span> <span class='ocrx_word' id='word_1_18' title='bbox 522 880 630 944; x_wconf 87' lang='lat' dir='ltr'><strong>docens,</strong></span> <span class='ocrx_word' id='word_1_19' title='bbox 649 879 761 945; x_wconf 87' lang='lat' dir='ltr'><strong>regique</strong></span> <span class='ocrx_word' id='word_1_20' title='bbox 779 878 856 931; x_wconf 92' lang='lat' dir='ltr'><strong>iubet</strong></span> <span class='ocrx_word' id='word_1_21' title='bbox 875 896 1003 947; x_wconf 88' lang='lat' dir='ltr'><strong>responsa</strong></span> <span class='ocrx_word' id='word_1_22' title='bbox 1022 880 1126 933; x_wconf 48' lang='lat' dir='ltr'><strong>Latino,</strong></span> 
     </span>
    </p>

    <p class='ocr_par' dir='ltr' id='par_1_4' title="bbox 435 955 1088 1023">
     <span class='ocr_line' id='line_1_5' title="bbox 435 955 1088 1023; baseline 0.002 -15"><span class='ocrx_word' id='word_1_23' title='bbox 435 955 520 1008; x_wconf 83' lang='lat' dir='ltr'><strong>Certa</strong></span> <span class='ocrx_word' id='word_1_24' title='bbox 537 955 641 1007; x_wconf 80' lang='lat' dir='ltr'><strong>referre</strong></span> <span class='ocrx_word' id='word_1_25' title='bbox 658 955 739 1020; x_wconf 84' lang='lat' dir='ltr'><strong>viros,</strong></span> <span class='ocrx_word' id='word_1_26' title='bbox 758 959 786 1007; x_wconf 91' lang='lat' dir='ltr'><strong>et</strong></span> <span class='ocrx_word' id='word_1_27' title='bbox 804 956 878 1022; x_wconf 87' lang='lat' dir='ltr'><strong>pacis</strong></span> <span class='ocrx_word' id='word_1_28' title='bbox 896 955 987 1007; x_wconf 81' lang='lat' dir='ltr'>dicere</span> <span class='ocrx_word' id='word_1_29' title='bbox 1005 955 1088 1023; x_wconf 86' lang='lat' dir='ltr'><strong>leges.</strong></span> 
     </span>
    </p>

    <p class='ocr_par' dir='ltr' id='par_1_5' title="bbox 435 1031 1284 1403">
     <span class='ocr_line' id='line_1_6' title="bbox 471 1031 1191 1100; baseline 0.004 -17"><span class='ocrx_word' id='word_1_30' title='bbox 471 1031 586 1084; x_wconf 88' lang='lat' dir='ltr'><strong>Postera</strong></span> <span class='ocrx_word' id='word_1_31' title='bbox 603 1032 648 1083; x_wconf 86' lang='grc'><strong>1111</strong></span> <span class='ocrx_word' id='word_1_32' title='bbox 667 1048 787 1084; x_wconf 90' lang='lat' dir='ltr'><strong>summos</strong></span> <span class='ocrx_word' id='word_1_33' title='bbox 805 1032 953 1100; x_wconf 78' lang='lat' dir='ltr'>spargebat</span> <span class='ocrx_word' id='word_1_34' title='bbox 971 1033 1072 1086; x_wconf 91' lang='lat' dir='ltr'><strong>lumine</strong></span> <span class='ocrx_word' id='word_1_35' title='bbox 1089 1033 1191 1087; x_wconf 89' lang='lat' dir='ltr'><strong>montis</strong></span> 
     </span>
     <span class='ocr_line' id='line_1_7' title="bbox 435 1107 1172 1174; baseline 0.004 -16"><span class='ocrx_word' id='word_1_36' title='bbox 435 1107 505 1159; x_wconf 89' lang='lat' dir='ltr'><strong>Orta</strong></span> <span class='ocrx_word' id='word_1_37' title='bbox 522 1107 588 1174; x_wconf 89' lang='lat' dir='ltr'><strong>dies,</strong></span> <span class='ocrx_word' id='word_1_38' title='bbox 606 1107 804 1174; x_wconf 87' lang='lat' dir='ltr'><strong>cumprimum</strong></span> <span class='ocrx_word' id='word_1_39' title='bbox 822 1108 879 1160; x_wconf 88' lang='lat' dir='ltr'><strong>alto</strong></span> <span class='ocrx_word' id='word_1_40' title='bbox 897 1124 927 1160; x_wconf 89' lang='lat' dir='ltr'><strong>se</strong></span> <span class='ocrx_word' id='word_1_41' title='bbox 945 1108 1054 1174; x_wconf 81' lang='lat' dir='ltr'><strong>gurgite</strong></span> <span class='ocrx_word' id='word_1_42' title='bbox 1072 1109 1172 1162; x_wconf 90' lang='lat' dir='ltr'><strong>tollunt</strong></span> 
     </span>
     <span class='ocr_line' id='line_1_8' title="bbox 435 1182 1284 1261; baseline 0 -26"><span class='ocrx_word' id='word_1_43' title='bbox 435 1183 506 1236; x_wconf 80' lang='lat' dir='ltr'><strong>Solis</strong></span> <span class='ocrx_word' id='word_1_44' title='bbox 524 1184 595 1251; x_wconf 91' lang='lat' dir='ltr'><strong>equi,</strong></span> <span class='ocrx_word' id='word_1_45' title='bbox 614 1183 756 1261; x_wconf 84' lang='lat' dir='ltr'><strong>lucemque</strong></span> <span class='ocrx_word' id='word_1_46' title='bbox 774 1184 853 1237; x_wconf 90' lang='lat' dir='ltr'><strong>elatis</strong></span> <span class='ocrx_word' id='word_1_47' title='bbox 871 1182 983 1235; x_wconf 89' lang='lat' dir='ltr'><strong>naribus</strong></span> <span class='ocrx_word' id='word_1_48' title='bbox 1001 1183 1102 1253; x_wconf 68' lang='lat' dir='ltr'><strong>efflant,</strong></span> <span class='ocrx_word' id='word_1_49' title='bbox 1119 1182 1164 1248; x_wconf 53' lang='lat' dir='ltr'><strong>,ta</strong></span> <span class='ocrx_word' id='word_1_50' title='bbox 1248 1199 1284 1236; x_wconf 85' lang='lat' dir='ltr'><strong>11s</strong></span> 
     </span>
     <span class='ocr_line' id='line_1_9' title="bbox 436 1258 1233 1327; baseline 0 -16"><span class='ocrx_word' id='word_1_51' title='bbox 436 1258 567 1327; x_wconf 79' lang='lat' dir='ltr'><strong>Campum</strong></span> <span class='ocrx_word' id='word_1_52' title='bbox 585 1260 622 1312; x_wconf 88' lang='lat' dir='ltr'><strong>ad</strong></span> <span class='ocrx_word' id='word_1_53' title='bbox 638 1262 778 1312; x_wconf 87' lang='lat' dir='ltr'><strong>certamen</strong></span> <span class='ocrx_word' id='word_1_54' title='bbox 795 1275 910 1325; x_wconf 84' lang='lat' dir='ltr'><strong>magnae</strong></span> <span class='ocrx_word' id='word_1_55' title='bbox 928 1275 960 1310; x_wconf 93' lang='lat' dir='ltr'><strong>su</strong></span> <span class='ocrx_word' id='word_1_56' title='bbox 997 1260 1139 1312; x_wconf 90' lang='lat' dir='ltr'><strong>moenibus</strong></span> <span class='ocrx_word' id='word_1_57' title='bbox 1157 1258 1233 1312; x_wconf 89' lang='lat' dir='ltr'><strong>urbis</strong></span> 
     </span>
     <span class='ocr_line' id='line_1_10' title="bbox 436 1334 1127 1403; baseline 0.001 -17"><span class='ocrx_word' id='word_1_58' title='bbox 436 1334 558 1388; x_wconf 83' lang='lat' dir='ltr'><strong>Dimensi</strong></span> <span class='ocrx_word' id='word_1_59' title='bbox 577 1336 729 1403; x_wconf 77' lang='lat' dir='ltr'><strong>Rutulique</strong></span> <span class='ocrx_word' id='word_1_60' title='bbox 746 1335 797 1390; x_wconf 75' lang='lat' dir='ltr'><strong>viri</strong></span> <span class='ocrx_word' id='word_1_61' title='bbox 817 1335 969 1402; x_wconf 76' lang='lat' dir='ltr'><strong>Teucrique</strong></span> <span class='ocrx_word' id='word_1_62' title='bbox 986 1334 1127 1402; x_wconf 90' lang='lat' dir='ltr'><strong>parabant,</strong></span> 
     </span>
    </p>

    <p class='ocr_par' dir='ltr' id='par_1_6' title="bbox 436 1410 1284 1705">
     <span class='ocr_line' id='line_1_11' title="bbox 437 1410 1117 1477; baseline 0.001 -15"><span class='ocrx_word' id='word_1_63' title='bbox 437 1410 471 1462; x_wconf 92' lang='lat' dir='ltr'><strong>In</strong></span> <span class='ocrx_word' id='word_1_64' title='bbox 488 1411 633 1477; x_wconf 89' lang='lat' dir='ltr'><strong>medioque</strong></span> <span class='ocrx_word' id='word_1_65' title='bbox 651 1412 724 1463; x_wconf 88' lang='lat' dir='ltr'><strong>focos</strong></span> <span class='ocrx_word' id='word_1_66' title='bbox 742 1414 771 1463; x_wconf 93' lang='lat' dir='ltr'><strong>et</strong></span> <span class='ocrx_word' id='word_1_67' title='bbox 789 1410 832 1462; x_wconf 86' lang='lat' dir='ltr'><strong>dis</strong></span> <span class='ocrx_word' id='word_1_68' title='bbox 850 1410 1038 1463; x_wconf 89' lang='lat' dir='ltr'><strong>communibus</strong></span> <span class='ocrx_word' id='word_1_69' title='bbox 1056 1427 1117 1463; x_wconf 87' lang='grc'><strong>1111</strong></span> 
     </span>
     <span class='ocr_line' id='line_1_12' title="bbox 436 1485 1186 1552; baseline -0.001 -13"><span class='ocrx_word' id='word_1_70' title='bbox 436 1486 602 1539; x_wconf 84' lang='lat' dir='ltr'><strong>Gramineas.</strong></span> <span class='ocrx_word' id='word_1_71' title='bbox 639 1486 696 1538; x_wconf 89' lang='lat' dir='ltr'><strong>Alii</strong></span> <span class='ocrx_word' id='word_1_72' title='bbox 713 1486 871 1552; x_wconf 75' lang='lat' dir='ltr'><strong>fontemque</strong></span> <span class='ocrx_word' id='word_1_73' title='bbox 889 1485 1035 1552; x_wconf 88' lang='lat' dir='ltr'><strong>ignemque</strong></span> <span class='ocrx_word' id='word_1_74' title='bbox 1052 1486 1186 1551; x_wconf 80' lang='lat' dir='ltr'><strong>ferebant,</strong></span> 
     </span>
     <span class='ocr_line' id='line_1_13' title="bbox 436 1561 1284 1634; baseline -0.001 -20"><span class='ocrx_word' id='word_1_75' title='bbox 436 1561 528 1614; x_wconf 80' lang='lat' dir='ltr'><strong>Velati</strong></span> <span class='ocrx_word' id='word_1_76' title='bbox 547 1561 618 1625; x_wconf 87' lang='lat' dir='ltr'><strong>limo,</strong></span> <span class='ocrx_word' id='word_1_77' title='bbox 637 1564 667 1613; x_wconf 91' lang='lat' dir='ltr'><strong>et</strong></span> <span class='ocrx_word' id='word_1_78' title='bbox 683 1561 801 1615; x_wconf 90' lang='lat' dir='ltr'><strong>verbena</strong></span> <span class='ocrx_word' id='word_1_79' title='bbox 819 1565 945 1634; x_wconf 83' lang='lat' dir='ltr'><strong>tempora¹</strong></span> <span class='ocrx_word' id='word_1_80' title='bbox 963 1562 1054 1616; x_wconf 86' lang='lat' dir='ltr'><strong>vineti.</strong></span> <span class='ocrx_word' id='word_1_81' title='bbox 1249 1575 1284 1613; x_wconf 81' lang='lat' dir='ltr'><strong>raa</strong></span> 
     </span>
     <span class='ocr_line' id='line_1_14' title="bbox 437 1636 1118 1705; baseline 0.004 -17"><span class='ocrx_word' id='word_1_82' title='bbox 437 1636 566 1688; x_wconf 80' lang='lat' dir='ltr'><strong>Procedit</strong></span> <span class='ocrx_word' id='word_1_83' title='bbox 584 1636 655 1703; x_wconf 88' lang='lat' dir='ltr'><strong>legio</strong></span> <span class='ocrx_word' id='word_1_84' title='bbox 675 1636 852 1699; x_wconf 85' lang='lat' dir='ltr'><strong>Ausonidum,</strong></span> <span class='ocrx_word' id='word_1_85' title='bbox 870 1637 1010 1705; x_wconf 80' lang='lat' dir='ltr'><strong>pilataque</strong></span> <span class='ocrx_word' id='word_1_86' title='bbox 1028 1638 1118 1705; x_wconf 89' lang='lat' dir='ltr'><strong>plenis</strong></span> 
     </span>
    </p>

    <p class='ocr_par' dir='ltr' id='par_1_7' title="bbox 437 1711 1183 1858">
     <span class='ocr_line' id='line_1_15' title="bbox 437 1711 1183 1780; baseline 0.005 -17"><span class='ocrx_word' id='word_1_87' title='bbox 437 1711 555 1778; x_wconf 82' lang='lat' dir='ltr'><strong>Agmina</strong></span> <span class='ocrx_word' id='word_1_88' title='bbox 572 1728 603 1764; x_wconf 87' lang='lat' dir='ltr'><strong>se</strong></span> <span class='ocrx_word' id='word_1_89' title='bbox 619 1711 738 1765; x_wconf 85' lang='lat' dir='ltr'><strong>fundunt</strong></span> <span class='ocrx_word' id='word_1_90' title='bbox 755 1713 851 1780; x_wconf 87' lang='lat' dir='ltr'><strong>portis.</strong></span> <span class='ocrx_word' id='word_1_91' title='bbox 889 1713 963 1766; x_wconf 92' lang='lat' dir='ltr'><strong>Hinc</strong></span> <span class='ocrx_word' id='word_1_92' title='bbox 982 1713 1078 1767; x_wconf 80' lang='lat' dir='ltr'><strong>Troius</strong></span> <span class='ocrx_word' id='word_1_93' title='bbox 1095 1713 1183 1767; x_wconf 88' lang='lat' dir='ltr'><strong>omnis</strong></span> 
     </span>
     <span class='ocr_line' id='line_1_16' title="bbox 437 1786 1083 1858; baseline 0.009 -21"><span class='ocrx_word' id='word_1_94' title='bbox 437 1786 645 1855; x_wconf 87' lang='lat' dir='ltr'><strong>Tyrrhenusque</strong></span> <span class='ocrx_word' id='word_1_95' title='bbox 663 1789 719 1841; x_wconf 88' lang='lat' dir='ltr'><strong>ruit</strong></span> <span class='ocrx_word' id='word_1_96' title='bbox 737 1788 819 1842; x_wconf 87' lang='lat' dir='ltr'><strong>variis</strong></span> <span class='ocrx_word' id='word_1_97' title='bbox 836 1789 974 1843; x_wconf 83' lang='lat' dir='ltr'><strong>exercitus</strong></span> <span class='ocrx_word' id='word_1_98' title='bbox 992 1790 1083 1858; x_wconf 87' lang='lat' dir='ltr'><strong>armis,</strong></span> 
     </span>
    </p>

    <p class='ocr_par' dir='ltr' id='par_1_8' title="bbox 435 1862 1283 2085">
     <span class='ocr_line' id='line_1_17' title="bbox 437 1862 1232 1935; baseline 0.006 -21"><span class='ocrx_word' id='word_1_99' title='bbox 437 1862 520 1915; x_wconf 86' lang='lat' dir='ltr'><strong>Haud</strong></span> <span class='ocrx_word' id='word_1_100' title='bbox 538 1879 616 1917; x_wconf 84' lang='lat' dir='ltr'><strong>seem</strong></span> <span class='ocrx_word' id='word_1_101' title='bbox 633 1864 760 1917; x_wconf 83' lang='lat' dir='ltr'><strong>instructi</strong></span> <span class='ocrx_word' id='word_1_102' title='bbox 778 1864 858 1927; x_wconf 85' lang='lat' dir='ltr'><strong>ferro,</strong></span> <span class='ocrx_word' id='word_1_103' title='bbox 877 1882 959 1933; x_wconf 86' lang='lat' dir='ltr'><strong>quam</strong></span> <span class='ocrx_word' id='word_1_104' title='bbox 978 1866 1001 1919; x_wconf 92' lang='lat' dir='ltr'><strong>si</strong></span> <span class='ocrx_word' id='word_1_105' title='bbox 1018 1884 1116 1935; x_wconf 89' lang='lat' dir='ltr'><strong>aspera</strong></span> <span class='ocrx_word' id='word_1_106' title='bbox 1133 1866 1232 1921; x_wconf 91' lang='lat' dir='ltr'><strong>Martis</strong></span> 
     </span>
     <span class='ocr_line' id='line_1_18' title="bbox 435 1938 1283 2009; baseline 0.002 -18"><span class='ocrx_word' id='word_1_107' title='bbox 435 1938 532 2007; x_wconf 81' lang='lat' dir='ltr'><strong>Pugna</strong></span> <span class='ocrx_word' id='word_1_108' title='bbox 549 1944 635 1994; x_wconf 87' lang='lat' dir='ltr'><strong>vocet.</strong></span> <span class='ocrx_word' id='word_1_109' title='bbox 670 1941 728 1994; x_wconf 89' lang='lat' dir='ltr'><strong>Nee</strong></span> <span class='ocrx_word' id='word_1_110' title='bbox 746 1957 800 1994; x_wconf 90' lang='lat' dir='ltr'><strong>non</strong></span> <span class='ocrx_word' id='word_1_111' title='bbox 818 1942 963 1995; x_wconf 87' lang='lat' dir='ltr'><strong>mediisin</strong></span> <span class='ocrx_word' id='word_1_112' title='bbox 981 1943 1091 1996; x_wconf 83' lang='lat' dir='ltr'><strong>milibus</strong></span> <span class='ocrx_word' id='word_1_113' title='bbox 1109 1942 1160 2009; x_wconf 89' lang='lat' dir='ltr'><strong>ipsi</strong></span> <span class='ocrx_word' id='word_1_114' title='bbox 1248 1956 1283 1994; x_wconf 81' lang='grc'><strong>111</strong></span> 
     </span>
     <span class='ocr_line' id='line_1_19' title="bbox 436 2014 1072 2085; baseline 0.003 -18"><span class='ocrx_word' id='word_1_115' title='bbox 436 2014 571 2068; x_wconf 87' lang='lat' dir='ltr'><strong>Ductores</strong></span> <span class='ocrx_word' id='word_1_116' title='bbox 588 2032 655 2068; x_wconf 90' lang='lat' dir='ltr'><strong>auro</strong></span> <span class='ocrx_word' id='word_1_117' title='bbox 672 2017 787 2070; x_wconf 88' lang='lat' dir='ltr'><strong>volitant</strong></span> <span class='ocrx_word' id='word_1_118' title='bbox 805 2020 936 2085; x_wconf 86' lang='lat' dir='ltr'><strong>ostroque</strong></span> <span class='ocrx_word' id='word_1_119' title='bbox 954 2017 1072 2085; x_wconf 87' lang='lat' dir='ltr'><strong>superbi,</strong></span> 
     </span>
    </p>

    <p class='ocr_par' dir='ltr' id='par_1_9' title="bbox 436 2091 1169 2160">
     <span class='ocr_line' id='line_1_20' title="bbox 436 2091 1169 2160; baseline 0.001 -17"><span class='ocrx_word' id='word_1_120' title='bbox 436 2091 473 2144; x_wconf 82' lang='lat' dir='ltr'><strong>Et</strong></span> <span class='ocrx_word' id='word_1_121' title='bbox 489 2108 575 2158; x_wconf 85' lang='lat' dir='ltr'><strong>genus</strong></span> <span class='ocrx_word' id='word_1_122' title='bbox 595 2092 722 2144; x_wconf 78' lang='lat' dir='ltr'><strong>Assaraci</strong></span> <span class='ocrx_word' id='word_1_123' title='bbox 740 2092 908 2159; x_wconf 87' lang='lat' dir='ltr'><strong>Mnestheus,</strong></span> <span class='ocrx_word' id='word_1_124' title='bbox 926 2096 955 2146; x_wconf 93' lang='lat' dir='ltr'><strong>et</strong></span> <span class='ocrx_word' id='word_1_125' title='bbox 972 2091 1051 2145; x_wconf 83' lang='lat' dir='ltr'><strong>fortis</strong></span> <span class='ocrx_word' id='word_1_126' title='bbox 1070 2092 1169 2160; x_wconf 85' lang='lat' dir='ltr'><strong>Asilas,</strong></span> 
     </span>
    </p>

    <p class='ocr_par' dir='ltr' id='par_1_10' title="bbox 435 2166 1168 2236">
     <span class='ocr_line' id='line_1_21' title="bbox 435 2166 1168 2236; baseline 0.003 -17"><span class='ocrx_word' id='word_1_127' title='bbox 435 2166 472 2220; x_wconf 89' lang='lat' dir='ltr'><strong>Et</strong></span> <span class='ocrx_word' id='word_1_128' title='bbox 489 2168 633 2235; x_wconf 83' lang='lat' dir='ltr'><strong>Messapus</strong></span> <span class='ocrx_word' id='word_1_129' title='bbox 650 2182 751 2234; x_wconf 87' lang='lat' dir='ltr'><strong>equum</strong></span> <span class='ocrx_word' id='word_1_130' title='bbox 769 2167 896 2234; x_wconf 87' lang='lat' dir='ltr'><strong>domitor,</strong></span> <span class='ocrx_word' id='word_1_131' title='bbox 914 2168 1054 2234; x_wconf 88' lang='lat' dir='ltr'><strong>Neptunia</strong></span> <span class='ocrx_word' id='word_1_132' title='bbox 1071 2168 1168 2236; x_wconf 88' lang='lat' dir='ltr'><strong>proles.</strong></span> 
     </span>
    </p>

    <p class='ocr_par' dir='ltr' id='par_1_11' title="bbox 435 2242 1280 2537">
     <span class='ocr_line' id='line_1_22' title="bbox 435 2242 1202 2310; baseline 0.003 -15"><span class='ocrx_word' id='word_1_133' title='bbox 435 2242 530 2309; x_wconf 87' lang='lat' dir='ltr'><strong>thue</strong></span> <span class='ocrx_word' id='word_1_134' title='bbox 549 2242 614 2295; x_wconf 85' lang='lat' dir='ltr'><strong>dato</strong></span> <span class='ocrx_word' id='word_1_135' title='bbox 633 2242 709 2310; x_wconf 80' lang='lat' dir='ltr'><strong>signo</strong></span> <span class='ocrx_word' id='word_1_136' title='bbox 728 2242 817 2309; x_wconf 89' lang='lat' dir='ltr'><strong>spatia</strong></span> <span class='ocrx_word' id='word_1_137' title='bbox 834 2243 862 2294; x_wconf 93' lang='lat' dir='ltr'><strong>in</strong></span> <span class='ocrx_word' id='word_1_138' title='bbox 881 2258 930 2294; x_wconf 89' lang='lat' dir='ltr'><strong>sua</strong></span> <span class='ocrx_word' id='word_1_139' title='bbox 948 2242 1064 2309; x_wconf 88' lang='lat' dir='ltr'><strong>quisque</strong></span> <span class='ocrx_word' id='word_1_140' title='bbox 1081 2243 1202 2310; x_wconf 85' lang='lat' dir='ltr'><strong>recessit,</strong></span> 
     </span>
     <span class='ocr_line' id='line_1_23' title="bbox 436 2318 1280 2385; baseline 0.001 -15"><span class='ocrx_word' id='word_1_141' title='bbox 436 2318 568 2385; x_wconf 88' lang='lat' dir='ltr'><strong>Defigunt</strong></span> <span class='ocrx_word' id='word_1_142' title='bbox 585 2318 677 2371; x_wconf 90' lang='lat' dir='ltr'><strong>telluri</strong></span> <span class='ocrx_word' id='word_1_143' title='bbox 695 2318 789 2369; x_wconf 86' lang='lat' dir='ltr'><strong>hastas</strong></span> <span class='ocrx_word' id='word_1_144' title='bbox 806 2322 835 2370; x_wconf 89' lang='lat' dir='ltr'><strong>et</strong></span> <span class='ocrx_word' id='word_1_145' title='bbox 853 2320 931 2369; x_wconf 86' lang='lat' dir='ltr'><strong>scuta</strong></span> <span class='ocrx_word' id='word_1_146' title='bbox 949 2318 1089 2372; x_wconf 88' lang='lat' dir='ltr'><strong>reclinant.</strong></span> <span class='ocrx_word' id='word_1_147' title='bbox 1244 2332 1280 2371; x_wconf 79' lang='lat' dir='ltr'><strong>reo</strong></span> 
     </span>
     <span class='ocr_line' id='line_1_24' title="bbox 436 2392 1168 2460; baseline 0.003 -16"><span class='ocrx_word' id='word_1_148' title='bbox 436 2393 504 2445; x_wconf 85' lang='lat' dir='ltr'><strong>&#39;lum</strong></span> <span class='ocrx_word' id='word_1_149' title='bbox 523 2393 614 2447; x_wconf 86' lang='lat' dir='ltr'><strong>studio</strong></span> <span class='ocrx_word' id='word_1_150' title='bbox 633 2394 734 2446; x_wconf 87' lang='lat' dir='ltr'><strong>effusae</strong></span> <span class='ocrx_word' id='word_1_151' title='bbox 753 2396 856 2445; x_wconf 90' lang='lat' dir='ltr'><strong>matres</strong></span> <span class='ocrx_word' id='word_1_152' title='bbox 874 2396 904 2445; x_wconf 90' lang='lat' dir='ltr'><strong>et</strong></span> <span class='ocrx_word' id='word_1_153' title='bbox 922 2393 1016 2460; x_wconf 85' lang='lat' dir='ltr'><strong>volgus</strong></span> <span class='ocrx_word' id='word_1_154' title='bbox 1034 2392 1168 2446; x_wconf 87' lang='lat' dir='ltr'><strong>inermum</strong></span> 
     </span>
     <span class='ocr_line' id='line_1_25' title="bbox 437 2468 1107 2537; baseline 0.001 -16"><span class='ocrx_word' id='word_1_155' title='bbox 437 2469 609 2537; x_wconf 83' lang='lat' dir='ltr'><strong>Invalidique</strong></span> <span class='ocrx_word' id='word_1_156' title='bbox 627 2485 706 2522; x_wconf 90' lang='lat' dir='ltr'><strong>senes</strong></span> <span class='ocrx_word' id='word_1_157' title='bbox 723 2468 808 2521; x_wconf 88' lang='lat' dir='ltr'><strong>turris</strong></span> <span class='ocrx_word' id='word_1_158' title='bbox 826 2472 855 2521; x_wconf 92' lang='lat' dir='ltr'><strong>et</strong></span> <span class='ocrx_word' id='word_1_159' title='bbox 873 2471 948 2522; x_wconf 88' lang='lat' dir='ltr'><strong>tecta</strong></span> <span class='ocrx_word' id='word_1_160' title='bbox 965 2469 1107 2523; x_wconf 90' lang='lat' dir='ltr'><strong>domorum</strong></span> 
     </span>
    </p>

    <p class='ocr_par' dir='ltr' id='par_1_12' title="bbox 436 2543 1073 2612">
     <span class='ocr_line' id='line_1_26' title="bbox 436 2543 1073 2612; baseline 0.003 -15"><span class='ocrx_word' id='word_1_161' title='bbox 436 2543 584 2610; x_wconf 88' lang='lat' dir='ltr'><strong>Obsedere,</strong></span> <span class='ocrx_word' id='word_1_162' title='bbox 603 2545 649 2598; x_wconf 84' lang='lat' dir='ltr'><strong>alii</strong></span> <span class='ocrx_word' id='word_1_163' title='bbox 668 2544 755 2612; x_wconf 86' lang='lat' dir='ltr'><strong>portis</strong></span> <span class='ocrx_word' id='word_1_164' title='bbox 774 2543 936 2612; x_wconf 87' lang='lat' dir='ltr'><strong>sublimibus</strong></span> <span class='ocrx_word' id='word_1_165' title='bbox 954 2545 1073 2599; x_wconf 83' lang='lat' dir='ltr'><strong>adstant.</strong></span> 
     </span>
    </p>

    <p class='ocr_par' dir='ltr' id='par_1_13' title="bbox 436 2620 1285 2990">
     <span class='ocr_line' id='line_1_27' title="bbox 472 2620 1243 2690; baseline 0.003 -17"><span class='ocrx_word' id='word_1_166' title='bbox 472 2624 513 2673; x_wconf 89' lang='lat' dir='ltr'><strong>At</strong></span> <span class='ocrx_word' id='word_1_167' title='bbox 532 2621 601 2673; x_wconf 91' lang='lat' dir='ltr'><strong>Iuno</strong></span> <span class='ocrx_word' id='word_1_168' title='bbox 619 2638 635 2674; x_wconf 92' lang='lat' dir='ltr'><strong>e</strong></span> <span class='ocrx_word' id='word_1_169' title='bbox 654 2637 766 2688; x_wconf 86' lang='lat' dir='ltr'><strong>summo,</strong></span> <span class='ocrx_word' id='word_1_170' title='bbox 785 2620 833 2689; x_wconf 91' lang='lat' dir='ltr'><strong>qui</strong></span> <span class='ocrx_word' id='word_1_171' title='bbox 851 2637 923 2673; x_wconf 91' lang='lat' dir='ltr'><strong>nunc</strong></span> <span class='ocrx_word' id='word_1_172' title='bbox 941 2620 1066 2676; x_wconf 85' lang='lat' dir='ltr'><strong>Albanus</strong></span> <span class='ocrx_word' id='word_1_173' title='bbox 1083 2621 1243 2690; x_wconf 90' lang='lat' dir='ltr'><strong>habetur,-</strong></span> 
     </span>
     <span class='ocr_line' id='line_1_28' title="bbox 436 2695 1240 2764; baseline 0.007 -19"><span class='ocrx_word' id='word_1_174' title='bbox 436 2695 505 2747; x_wconf 83' lang='lat' dir='ltr'><strong>Tum</strong></span> <span class='ocrx_word' id='word_1_175' title='bbox 517 2712 605 2761; x_wconf 90' lang='lat' dir='ltr'><strong>neque</strong></span> <span class='ocrx_word' id='word_1_176' title='bbox 618 2713 717 2749; x_wconf 90' lang='lat' dir='ltr'><strong>nomen</strong></span> <span class='ocrx_word' id='word_1_177' title='bbox 729 2701 790 2750; x_wconf 89' lang='lat' dir='ltr'><strong>erat</strong></span> <span class='ocrx_word' id='word_1_178' title='bbox 801 2713 851 2750; x_wconf 87' lang='lat' dir='ltr'><strong>nec</strong></span> <span class='ocrx_word' id='word_1_179' title='bbox 864 2696 949 2749; x_wconf 91' lang='lat' dir='ltr'><strong>honos</strong></span> <span class='ocrx_word' id='word_1_180' title='bbox 961 2701 1009 2750; x_wconf 87' lang='lat' dir='ltr'><strong>aut</strong></span> <span class='ocrx_word' id='word_1_181' title='bbox 1021 2697 1108 2764; x_wconf 86' lang='lat' dir='ltr'><strong>gloria</strong></span> <span class='ocrx_word' id='word_1_182' title='bbox 1119 2698 1240 2751; x_wconf 90' lang='lat' dir='ltr'><strong>monti-</strong></span> 
     </span>
     <span class='ocr_line' id='line_1_29' title="bbox 437 2770 1285 2840; baseline 0.002 -18"><span class='ocrx_word' id='word_1_183' title='bbox 437 2770 608 2837; x_wconf 86' lang='lat' dir='ltr'><strong>Prospiciens</strong></span> <span class='ocrx_word' id='word_1_184' title='bbox 619 2772 724 2823; x_wconf 90' lang='lat' dir='ltr'><strong>tumulo</strong></span> <span class='ocrx_word' id='word_1_185' title='bbox 736 2788 862 2840; x_wconf 88' lang='lat' dir='ltr'><strong>campum</strong></span> <span class='ocrx_word' id='word_1_186' title='bbox 875 2772 1035 2839; x_wconf 78' lang='lat' dir='ltr'><strong>aspectabat</strong></span> <span class='ocrx_word' id='word_1_187' title='bbox 1047 2776 1076 2825; x_wconf 92' lang='lat' dir='ltr'><strong>et</strong></span> <span class='ocrx_word' id='word_1_188' title='bbox 1088 2773 1181 2825; x_wconf 87' lang='lat' dir='ltr'><strong>ambas</strong></span> <span class='ocrx_word' id='word_1_189' title='bbox 1249 2788 1285 2825; x_wconf 79' lang='lat' dir='ltr'><strong>rao</strong></span> 
     </span>
     <span class='ocr_line' id='line_1_30' title="bbox 437 2846 1156 2915; baseline 0.006 -18"><span class='ocrx_word' id='word_1_190' title='bbox 437 2846 606 2898; x_wconf 85' lang='lat' dir='ltr'><strong>Laurentum</strong></span> <span class='ocrx_word' id='word_1_191' title='bbox 625 2846 779 2915; x_wconf 83' lang='lat' dir='ltr'><strong>Troumque</strong></span> <span class='ocrx_word' id='word_1_192' title='bbox 797 2848 868 2901; x_wconf 84' lang='lat' dir='ltr'><strong>acies</strong></span> <span class='ocrx_word' id='word_1_193' title='bbox 886 2847 1037 2915; x_wconf 90' lang='lat' dir='ltr'><strong>urbemque</strong></span> <span class='ocrx_word' id='word_1_194' title='bbox 1056 2848 1156 2901; x_wconf 86' lang='lat' dir='ltr'><strong>Latini.</strong></span> 
     </span>
     <span class='ocr_line' id='line_1_31' title="bbox 438 2921 1059 2990; baseline 0.002 -16"><span class='ocrx_word' id='word_1_195' title='bbox 438 2921 582 2989; x_wconf 80' lang='lat' dir='ltr'><strong>Extemplo</strong></span> <span class='ocrx_word' id='word_1_196' title='bbox 600 2921 684 2974; x_wconf 80' lang='lat' dir='ltr'><strong>Turni</strong></span> <span class='ocrx_word' id='word_1_197' title='bbox 703 2922 741 2975; x_wconf 93' lang='lat' dir='ltr'><strong>sic</strong></span> <span class='ocrx_word' id='word_1_198' title='bbox 759 2925 802 2975; x_wconf 90' lang='lat' dir='ltr'><strong>est</strong></span> <span class='ocrx_word' id='word_1_199' title='bbox 820 2923 914 2975; x_wconf 87' lang='lat' dir='ltr'><strong>adfata</strong></span> <span class='ocrx_word' id='word_1_200' title='bbox 932 2939 1059 2990; x_wconf 89' lang='lat' dir='ltr'><strong>sororem,</strong></span> 
     </span>
    </p>

    <p class='ocr_par' dir='ltr' id='par_1_14' title="bbox 435 2995 1284 3220">
     <span class='ocr_line' id='line_1_32' title="bbox 436 2995 1177 3065; baseline 0.003 -15"><span class='ocrx_word' id='word_1_201' title='bbox 436 2995 505 3051; x_wconf 83' lang='lat' dir='ltr'><strong>Diva</strong></span> <span class='ocrx_word' id='word_1_202' title='bbox 523 2998 610 3064; x_wconf 90' lang='lat' dir='ltr'><strong>deam,</strong></span> <span class='ocrx_word' id='word_1_203' title='bbox 629 2998 733 3065; x_wconf 83' lang='lat' dir='ltr'><strong>stagnis</strong></span> <span class='ocrx_word' id='word_1_204' title='bbox 752 3015 822 3065; x_wconf 91' lang='lat' dir='ltr'><strong>quae</strong></span> <span class='ocrx_word' id='word_1_205' title='bbox 841 2997 1053 3065; x_wconf 89' lang='lat' dir='ltr'><strong>fluminibusque</strong></span> <span class='ocrx_word' id='word_1_206' title='bbox 1071 2998 1177 3053; x_wconf 85' lang='lat' dir='ltr'><strong>sonoris</strong></span> 
     </span>
     <span class='ocr_line' id='line_1_33' title="bbox 435 3073 1284 3139; baseline 0.002 -13"><span class='ocrx_word' id='word_1_207' title='bbox 435 3074 594 3139; x_wconf 85' lang='lat' dir='ltr'><strong>Praesidet;</strong></span> <span class='ocrx_word' id='word_1_208' title='bbox 611 3075 683 3127; x_wconf 91' lang='lat' dir='ltr'><strong>hunc</strong></span> <span class='ocrx_word' id='word_1_209' title='bbox 700 3073 740 3126; x_wconf 91' lang='lat' dir='ltr'><strong>illi</strong></span> <span class='ocrx_word' id='word_1_210' title='bbox 759 3091 807 3127; x_wconf 83' lang='lat' dir='ltr'><strong>rex</strong></span> <span class='ocrx_word' id='word_1_211' title='bbox 826 3074 946 3127; x_wconf 88' lang='lat' dir='ltr'><strong>aetheris</strong></span> <span class='ocrx_word' id='word_1_212' title='bbox 965 3074 1037 3126; x_wconf 87' lang='lat' dir='ltr'><strong>altus</strong></span> <span class='ocrx_word' id='word_1_213' title='bbox 1054 3074 1184 3127; x_wconf 89' lang='lat' dir='ltr'><strong>honorem</strong></span> <span class='ocrx_word' id='word_1_214' title='bbox 1249 3090 1284 3128; x_wconf 82' lang='lat' dir='ltr'><strong>mo</strong></span> 
     </span>
     <span class='ocr_line' id='line_1_34' title="bbox 436 3150 1064 3220; baseline 0.003 -18"><span class='ocrx_word' id='word_1_215' title='bbox 436 3150 562 3218; x_wconf 90' lang='lat' dir='ltr'><strong>Iuppiter</strong></span> <span class='ocrx_word' id='word_1_216' title='bbox 579 3155 675 3220; x_wconf 88' lang='lat' dir='ltr'><strong>erepta</strong></span> <span class='ocrx_word' id='word_1_217' title='bbox 691 3167 741 3218; x_wconf 89' lang='lat' dir='ltr'><strong>pro</strong></span> <span class='ocrx_word' id='word_1_218' title='bbox 759 3150 918 3217; x_wconf 83' lang='lat' dir='ltr'><strong>virginitate</strong></span> <span class='ocrx_word' id='word_1_219' title='bbox 937 3151 1064 3204; x_wconf 86' lang='lat' dir='ltr'><strong>sacravit:</strong></span> 
     </span>
    </p>

    <p class='ocr_par' dir='ltr' id='par_1_15' title="bbox 435 3226 1288 3600">
     <span class='ocr_line' id='line_1_35' title="bbox 436 3226 1240 3294; baseline 0.002 -17"><span class='ocrx_word' id='word_1_220' title='bbox 436 3226 569 3294; x_wconf 66' lang='lat' dir='ltr'><strong>Nympha,</strong></span> <span class='ocrx_word' id='word_1_221' title='bbox 588 3228 671 3281; x_wconf 87' lang='lat' dir='ltr'><strong>decus</strong></span> <span class='ocrx_word' id='word_1_222' title='bbox 688 3227 839 3293; x_wconf 87' lang='lat' dir='ltr'><strong>fluviorum,</strong></span> <span class='ocrx_word' id='word_1_223' title='bbox 858 3226 949 3279; x_wconf 88' lang='lat' dir='ltr'><strong>animo</strong></span> <span class='ocrx_word' id='word_1_224' title='bbox 967 3226 1122 3293; x_wconf 86' lang='lat' dir='ltr'><strong>gratissima</strong></span> <span class='ocrx_word' id='word_1_225' title='bbox 1139 3229 1240 3294; x_wconf 89' lang='lat' dir='ltr'><strong>nostro,</strong></span> 
     </span>
     <span class='ocr_line' id='line_1_36' title="bbox 436 3301 1164 3370; baseline 0.005 -18"><span class='ocrx_word' id='word_1_226' title='bbox 436 3301 499 3364; x_wconf 83' lang='lat' dir='ltr'><strong>Scis,</strong></span> <span class='ocrx_word' id='word_1_227' title='bbox 517 3307 548 3355; x_wconf 90' lang='lat' dir='ltr'><strong>ut</strong></span> <span class='ocrx_word' id='word_1_228' title='bbox 566 3306 595 3355; x_wconf 90' lang='lat' dir='ltr'><strong>te</strong></span> <span class='ocrx_word' id='word_1_229' title='bbox 612 3304 717 3356; x_wconf 90' lang='lat' dir='ltr'><strong>cunctis</strong></span> <span class='ocrx_word' id='word_1_230' title='bbox 734 3320 823 3370; x_wconf 88' lang='lat' dir='ltr'><strong>unam,</strong></span> <span class='ocrx_word' id='word_1_231' title='bbox 842 3318 1030 3370; x_wconf 85' lang='lat' dir='ltr'><strong>quaecumque</strong></span> <span class='ocrx_word' id='word_1_232' title='bbox 1049 3302 1164 3357; x_wconf 86' lang='lat' dir='ltr'><strong>Latinae</strong></span> 
     </span>
     <span class='ocr_line' id='line_1_37' title="bbox 435 3377 1126 3447; baseline 0.003 -19"><span class='ocrx_word' id='word_1_233' title='bbox 435 3377 602 3443; x_wconf 80' lang='lat' dir='ltr'><strong>Magnanimi</strong></span> <span class='ocrx_word' id='word_1_234' title='bbox 621 3380 694 3430; x_wconf 88' lang='lat' dir='ltr'><strong>lovis</strong></span> <span class='ocrx_word' id='word_1_235' title='bbox 711 3380 848 3447; x_wconf 86' lang='lat' dir='ltr'><strong>ingratum</strong></span> <span class='ocrx_word' id='word_1_236' title='bbox 866 3378 1013 3431; x_wconf 84' lang='lat' dir='ltr'><strong>ascendere</strong></span> <span class='ocrx_word' id='word_1_237' title='bbox 1031 3377 1126 3445; x_wconf 86' lang='lat' dir='ltr'><strong>cubile,</strong></span> 
     </span>
     <span class='ocr_line' id='line_1_38' title="bbox 436 3453 1288 3522; baseline -0.001 -18"><span class='ocrx_word' id='word_1_238' title='bbox 436 3453 625 3519; x_wconf 86' lang='lat' dir='ltr'><strong>Praetulerim,</strong></span> <span class='ocrx_word' id='word_1_239' title='bbox 643 3454 766 3522; x_wconf 87' lang='lat' dir='ltr'><strong>caelique</strong></span> <span class='ocrx_word' id='word_1_240' title='bbox 783 3455 872 3507; x_wconf 90' lang='lat' dir='ltr'><strong>libens</strong></span> <span class='ocrx_word' id='word_1_241' title='bbox 890 3455 918 3506; x_wconf 90' lang='grc'><strong>111</strong></span> <span class='ocrx_word' id='word_1_242' title='bbox 936 3457 1015 3521; x_wconf 90' lang='lat' dir='ltr'><strong>parte</strong></span> <span class='ocrx_word' id='word_1_243' title='bbox 1033 3453 1157 3507; x_wconf 85' lang='lat' dir='ltr'><strong>locarim:</strong></span> <span class='ocrx_word' id='word_1_244' title='bbox 1248 3468 1288 3504; x_wconf 74' lang='grc'><strong>111</strong></span> 
     </span>
     <span class='ocr_line' id='line_1_39' title="bbox 436 3528 1180 3600; baseline -0.007 -20"><span class='ocrx_word' id='word_1_245' title='bbox 436 3528 518 3581; x_wconf 88' lang='lat' dir='ltr'><strong>Disce</strong></span> <span class='ocrx_word' id='word_1_246' title='bbox 535 3532 621 3596; x_wconf 90' lang='lat' dir='ltr'><strong>tuum,</strong></span> <span class='ocrx_word' id='word_1_247' title='bbox 639 3546 673 3581; x_wconf 92' lang='lat' dir='ltr'><strong>ne</strong></span> <span class='ocrx_word' id='word_1_248' title='bbox 691 3546 736 3584; x_wconf 89' lang='lat' dir='ltr'><strong>me</strong></span> <span class='ocrx_word' id='word_1_249' title='bbox 753 3530 872 3600; x_wconf 84' lang='lat' dir='ltr'><strong>incuses,</strong></span> <span class='ocrx_word' id='word_1_250' title='bbox 887 3530 1022 3596; x_wconf 78' lang='lat' dir='ltr'><strong>luturna,</strong></span> <span class='ocrx_word' id='word_1_251' title='bbox 1038 3529 1180 3581; x_wconf 63' lang='grc'><strong>10111111.</strong></span> 
     </span>
    </p>

    <p class='ocr_par' dir='ltr' id='par_1_16' title="bbox 421 3597 1247 3756">
     <span class='ocr_line' id='line_1_40' title="bbox 431 3597 1217 3680; baseline -0.003 -26"><span class='ocrx_word' id='word_1_252' title='bbox 431 3604 489 3665; x_wconf 77' lang='lat' dir='ltr'><strong>Qua</strong></span> <span class='ocrx_word' id='word_1_253' title='bbox 509 3604 566 3658; x_wconf 82' lang='lat' dir='ltr'><strong>visa</strong></span> <span class='ocrx_word' id='word_1_254' title='bbox 584 3609 629 3660; x_wconf 90' lang='lat' dir='ltr'><strong>est</strong></span> <span class='ocrx_word' id='word_1_255' title='bbox 647 3606 764 3663; x_wconf 83' lang='lat' dir='ltr'><strong>fortuna</strong></span> <span class='ocrx_word' id='word_1_256' title='bbox 781 3608 846 3680; x_wconf 85' lang='lat' dir='ltr'><strong>pati</strong></span> <span class='ocrx_word' id='word_1_257' title='bbox 864 3609 1039 3675; x_wconf 77' lang='lat' dir='ltr'><strong>Parcaeque</strong></span> <span class='ocrx_word' id='word_1_258' title='bbox 1054 3597 1217 3670; x_wconf 50' lang='lat' dir='ltr'><strong>messan,</strong></span> 
     </span>
     <span class='ocr_line' id='line_1_41' title="bbox 421 3672 1247 3756; baseline -0.005 -27"><span class='ocrx_word' id='word_1_259' title='bbox 421 3679 528 3733; x_wconf 79' lang='lat' dir='ltr'><strong>Cedere</strong></span> <span class='ocrx_word' id='word_1_260' title='bbox 546 3700 594 3737; x_wconf 90' lang='lat' dir='ltr'><strong>res</strong></span> <span class='ocrx_word' id='word_1_261' title='bbox 614 3685 710 3756; x_wconf 85' lang='lat' dir='ltr'><strong>Latio,</strong></span> <span class='ocrx_word' id='word_1_262' title='bbox 732 3687 867 3743; x_wconf 80' lang='lat' dir='ltr'><strong>Turnum</strong></span> <span class='ocrx_word' id='word_1_263' title='bbox 889 3690 922 3741; x_wconf 88' lang='lat' dir='ltr'><strong>et</strong></span> <span class='ocrx_word' id='word_1_264' title='bbox 937 3688 998 3739; x_wconf 78' lang='lat' dir='ltr'><strong>tua</strong></span> <span class='ocrx_word' id='word_1_265' title='bbox 1012 3672 1143 3733; x_wconf 55' lang='lat' dir='ltr'><strong>nasama</strong></span> <span class='ocrx_word' id='word_1_266' title='bbox 1156 3672 1247 3719; x_wconf 53' lang='lat' dir='ltr'><strong>beff-</strong></span> 
     </span>
    </p>
   </div>
   <div class='ocr_carea' id='block_1_3' title="bbox 0 0 1742 4367">
    <p class='ocr_par' dir='ltr' id='par_1_17' title="bbox 0 0 1742 4367">
     <span class='ocr_line' id='line_1_42' title="bbox 0 0 1742 4367; baseline 0 0"><span class='ocrx_word' id='word_1_267' title='bbox 0 0 1742 4367; x_wconf 95' lang='lat' dir='ltr'><strong> </strong></span> 
     </span>
    </p>
   </div>
  </div>
 </body>
</html>
