3467 4367
481 625 509 669 il
715 624 744 673 P.
764 623 920 672 VERGILI
939 625 1106 673 MARONIS
1141 575 1155 610 l

479 701 552 754 Itara
570 701 607 755 sit
625 718 660 755 an
678 719 885 771 snpraqmorem
905 703 928 756 si
947 704 1035 758 densa
1052 706 1184 773 requires,

479 779 577 832 Altera
594 777 740 832 frumentis
757 779 886 847 quoniam
906 779 987 847 favet,
1007 779 1095 834 altera
1114 780 1231 853 Baccho,

478 854 570 909 Densa
586 854 674 922 magis
693 855 798 921 Cereri,
815 856 955 909 rarissima
973 874 1100 925 quaeque
1122 856 1229 925 Lyaeo:

478 934 554 985 Ante
570 932 660 985 locum
678 931 769 1000 capies
788 931 881 997 oculis,
901 932 1012 1001 alteque
1031 932 1139 986 iubebis
1307 951 1344 992 aas

478 1008 512 1062 In
530 1008 617 1061 solido
634 1012 748 1076 puteum
768 1007 887 1073 demitti,
906 1025 1068 1077 omnemque
1088 1025 1203 1077 repones

478 1085 584 1137 Rursus
602 1084 723 1151 humum,
742 1084 907 1151 etpedibus
926 1101 1045 1137 summas
1064 1084 1196 1153 aequabis
1214 1102 1321 1142 arenas.

477 1160 507 1213 Si
525 1160 650 1227 deerunt,
669 1176 769 1226 rarum,
788 1160 936 1229 pecorique
954 1165 983 1213 et
1001 1161 1103 1215 vitibus
1122 1161 1201 1216 almis

470 1237 579 1304 ‘Aptius
597 1236 668 1306 uber
684 1236 754 1302 erit;
772 1236 861 1289 sinin
880 1253 930 1289 sua
947 1253 1028 1304 posse
1049 1236 1188 1305 negabunt
1269 1304 1271 1307 Ι

477 1312 524 1366 Ire
540 1313 599 1366 loca
617 1315 646 1366 et
663 1312 805 1366 scrobibus
823 1311 964 1381 superabit
982 1315 1058 1365 terra
1075 1307 1197 1382 repletis,
1305 1329 1341 1368 aas

477 1389 585 1457 Spissus
603 1405 683 1456 ager3
700 1389 811 1456 glaebas
830 1388 985 1441 cunctantis
1004 1405 1149 1457 crassaque
1167 1392 1249 1459 terga

477 1464 620 1533 Exspecta,
640 1469 669 1519 et
687 1465 783 1519 validis
800 1468 905 1518 terram
923 1465 1067 1533 proscinde
1085 1464 1211 1519 iuvencis.

476 1540 552 1594 Salsa
569 1543 661 1594 autem
679 1540 762 1594 tellus
780 1544 809 1594 et
827 1557 898 1610 quae
914 1540 1077 1609 perhibetur
1094 1557 1221 1595 amara-

475 1616 614 1685 Frugibus
632 1616 727 1669 infelix
745 1634 784 1678 ca,
802 1634 852 1670 nec
870 1616 1034 1671 mansuescit
1051 1617 1160 1684 arando,

475 1692 534 1746 Nec
547 1692 654 1746 Baccho
667 1709 761 1760 genus,
775 1696 824 1747 aut
836 1693 926 1762 pomis
940 1709 989 1746 sua
1000 1693 1110 1747 uomina
1122 1697 1245 1748 servat-
1302 1711 1339 1751 aso

475 1768 540 1823 Tale
558 1769 636 1823 dabit
654 1770 810 1838 specimen:
829 1770 869 1832 Tu
888 1769 975 1838 spisso
994 1769 1093 1823 vimine
1111 1769 1214 1837 qualos,

475 1845 595 1915 Golaque
613 1846 752 1913 prelorum
770 1845 886 1899 fumosis
905 1846 1001 1915 deripe
1020 1846 1115 1910 tectis;

475 1921 539 1976 Huc
557 1939 622 1990 ager
640 1922 686 1975 ille
704 1922 792 1975 malus
811 1921 960 1989 dulcesque
980 1938 996 1975 a
1015 1920 1134 1975 fontibus
1151 1922 1243 1977 nudae

474 1998 521 2050 Ad
539 1998 649 2067 plenum
668 1998 821 2063 calcentur3
840 2012 912 2066 aqua
931 1996 1098 2052 eluctabitur
1115 1998 1203 2051 omnis

473 2073 591 2140 Scilicet,
610 2078 638 2128 et
656 2073 776 2143 grandes
794 2074 874 2127 ibunt
892 2090 942 2142 per
961 2073 1063 2126 vimina
1081 2077 1195 2141 guttae;
1298 2092 1336 2131 sss

473 2151 514 2205 At
532 2168 611 2221 sapor
629 2151 759 2205 indicium
778 2151 858 2204 faciet
878 2151 1046 2217 manifestus,
1065 2153 1094 2203 et
1112 2167 1160 2203 ora
1359 2149 1361 2154 ’

472 2226 573 2282 Tristia
590 2232 775 2297 temptantum
793 2244 876 2281 sensu
893 2226 1035 2295 torquebit
1053 2243 1151 2280 amaro.

472 2302 585 2372 Pinguis
603 2305 670 2359 item
689 2322 759 2373 quae
778 2305 815 2357 sit
833 2303 924 2368 tellus,
943 2302 993 2355 hoc
1013 2302 1131 2371 denique
1148 2306 1229 2371 pacto

473 2375 620 2435 hiscimus:
638 2381 713 2434 haud
732 2396 862 2448 umquam
881 2378 1006 2432 manibus
1025 2378 1128 2432 iactata
1145 2378 1257 2448 fatiscit,

471 2455 526 2509 Sed
543 2457 612 2524 picis
629 2457 657 2509 in
676 2472 779 2509 morem
797 2455 833 2508 ad
851 2455 952 2522 digitos
971 2453 1248 2511 lentescit-habendo.
1296 2473 1334 2513 ato

471 2530 594 2586 Humida
611 2533 728 2585 maiores
747 2531 847 2585 herbas
865 2531 922 2599 alit,
940 2532 1055 2600 ipsaque
1073 2530 1146 2585 iusto

470 2607 588 2661 Laetior.
626 2607 673 2661 Ah
691 2608 804 2661 nimium
822 2625 858 2662 ne
877 2608 913 2661 sit
931 2607 998 2659 mihi
1015 2606 1115 2660 fertilis
1133 2606 1188 2675 illa,

469 2683 532 2736 Neu
550 2700 579 2737 se
596 2683 782 2752 praevalidam
800 2684 896 2752 primis
914 2683 1042 2736 ostendat
1060 2683 1168 2736 aristis!

470 2759 546 2823 Quae
564 2760 655 2827 gravis
674 2763 724 2824 est,
743 2760 802 2827 ipso
819 2760 932 2813 tacitam
951 2774 980 2811 se
998 2758 1120 2827 pondere
1138 2756 1240 2827 prodit,

469 2834 602 2904 Quaeque
625 2835 702 2890 levis.
740 2835 902 2904 Promptum
926 2838 969 2888 est
992 2834 1076 2888 oculis
1096 2833 1271 2903 praediscere
1292 2836 1331 2888 ni-

539 2928 625 2979 gram,
1294 2926 1332 2965 ass

469 2986 504 3041 nt
523 2988 584 3056 quis
602 2987 646 3041 cui
663 2987 743 3041 color.
781 2989 821 3041 At
839 2986 1002 3041 sceleratum
1022 2986 1167 3055 exquirere
1186 2985 1274 3054 frigus

469 3060 583 3118 Difficile
601 3068 661 3118 est:
678 3065 771 3130 piceae
784 3068 892 3117 tantum
911 3064 1023 3132 taxique
1041 3066 1170 3116 nocentes

468 3139 613 3193 Interdum
633 3148 681 3193 aut
698 3140 817 3194 hederae
835 3139 961 3208 pandunt
979 3139 1095 3207 vestigia
1114 3139 1215 3206 nigrae.

501 3216 554 3269 His
572 3216 775 3283 animadversis,
794 3219 899 3269 terram
918 3212 1004 3269 multo
1023 3218 1087 3268 ante
1106 3219 1246 3269 memento

469 3291 626 3361 llxcoquere
645 3295 673 3345 et
692 3309 806 3360 magnos
825 3290 966 3345 scrobibus
986 3290 1128 3345 concidere
1145 3290 1255 3355 montis,
1292 3306 1329 3344 an

466 3368 541 3423 Anto
559 3370 698 3437 supinatas
717 3368 838 3438 aquiloni
856 3367 1004 3421 ostendere
1022 3366 1140 3435 glaebas,

465 3443 550 3505 Quam
568 3446 672 3499 lactum
692 3444 807 3498 infodias
826 3444 890 3497 vitis
908 3460 1001 3512 genus.
1038 3442 1159 3511 Optuma
1175 3443 1253 3510 putri

442 3517 524 3569 Arra
542 3520 622 3574 solo:
638 3520 670 3573 id
692 3522 770 3576 venti
789 3523 891 3577 curant
909 3519 1076 3590 gelidaeque
1092 3519 1209 3585 pruinae

386 3604 392 3613 ¹
428 3584 468 3640 Et
481 3590 633 3651 labefacta
650 3614 776 3656 movens
797 3601 938 3657 robustus
956 3597 1061 3666 iugera
1074 3594 1174 3646 lassor.

407 3656 459 3715 Μ·
480 3667 514 3717 ⁸1'
533 3687 614 3735 quos
631 3675 718 3733 harrd
739 3680 806 3737 ulla
824 3680 911 3735 viros
930 3669 1088 3745 uigilantia
1102 3662 1193 3729 inab,
1331 3670 1374 3709 Ἢ»
