3467 4367
681 926 713 975 P.
730 923 885 975 VERGILI
902 922 1067 973 MARONIS

648 1078 1104 1157 AENEIDOS

705 1281 823 1347 LIBER
853 1279 1048 1336 SEPTIMUS.

823 1441 927 1469 -e—

454 1555 496 1610 'I'u
513 1568 622 1623 quoque
638 1551 765 1605 litoribus
781 1553 891 1621 nostris,
910 1555 1016 1609 Aeneia
1033 1553 1134 1621 nutrix,

455 1632 607 1685 Aeternam
623 1627 743 1680 moriens
760 1626 868 1696 famam,
888 1629 990 1697 Caieta,
1010 1629 1125 1695 dedisti;

455 1706 492 1760 lit
508 1720 580 1757 nunc
597 1706 687 1756 servat
704 1701 789 1756 honos
807 1704 902 1757 sedem
920 1708 991 1773 tuus,
1010 1721 1126 1773 ossaque
1143 1722 1242 1760 nomen

455 1779 591 1848 Hesperia
608 1778 637 1831 in
654 1795 760 1846 magna,
779 1780 803 1832 si
819 1797 875 1848 qua
893 1784 936 1834 est
954 1798 986 1835 ea
1002 1780 1096 1849 gloria,
1116 1781 1213 1846 signat.
1286 1788 1302 1846 j

456 1856 497 1910 At
514 1855 575 1925 pius
593 1854 730 1923 exsequiis
749 1855 858 1909 Aeneas
876 1856 930 1910 rite
948 1857 1051 1924 solutis,
1292 1871 1305 1909 s

455 1933 568 2001 Aggere
584 1931 724 1999 conposito
741 1930 847 1999 tumuli,
865 1936 1009 2001 postquam
1028 1933 1084 1987 alta
1101 1933 1230 2001 quienmt

455 2008 594 2077 Aequora,
610 2006 702 2063 tendit
718 2007 774 2060 iter
792 2007 866 2075 velis,
884 2012 1049 2077 portumque
1067 2009 1204 2077 relinquit

456 2085 608 2155 Adspirant
625 2100 707 2139 aurae
723 2084 752 2136 in
770 2088 886 2151 noctem,
904 2099 955 2139 nec
972 2084 1088 2138 candida
1105 2100 1200 2138 cursus

455 2160 534 2215 Luna
550 2164 641 2230 negat,
660 2159 786 2229 splendet
803 2160 921 2214 tremulo
940 2158 991 2213 sub
1009 2159 1109 2213 lumine
1127 2163 1233 2228 pontus

456 2238 594 2292 Proxuma
611 2238 738 2292 Circaeae
756 2236 891 2290 raduntur
908 2236 989 2289 litora
1010 2239 1108 2303 ternae,
1281 2250 1305 2291 ιο

456 2312 540 2367 Dives
557 2314 706 2367 inaccessos
724 2312 772 2365 ubi
790 2311 860 2365 Solis
878 2312 934 2365 filia
951 2312 1024 2366 lucos
1290 2311 1292 2317 '

456 2388 583 2444 Adsiduo
600 2391 709 2443 resonat
727 2392 815 2453 cantu,
834 2388 970 2456 tectisque
988 2388 1113 2456 superbis

393 2468 397 2475 '
455 2464 521 2519 Urit
539 2464 681 2518 odoratam
698 2466 830 2516 nocturna
848 2464 874 2515 iu
894 2463 998 2517 lumina
1015 2464 1134 2533 cedrum,

458 2540 566 2609 Arguto
584 2540 674 2593 tenuis
691 2555 854 2608 percurrens
873 2540 980 2608 pectine
998 2540 1075 2594 telas.

457 2616 530 2670 Hinc
546 2614 670 2669 exaudiri
687 2613 805 2684 gemitus
823 2616 936 2684 iraeque
954 2615 1069 2682 leonum,
1281 2630 1306 2671 15

456 2692 553 2746 Vincla
570 2695 742 2745 recusantum
762 2694 791 2744 et
808 2708 870 2745 sera
888 2691 939 2744 sub
957 2696 1037 2746 nocte
1054 2694 1211 2762 rudentum,

457 2768 645 2837 Saetigerique
663 2784 725 2821 sues
743 2770 827 2837 atquc
844 2768 873 2820 in
891 2768 1069 2838 praesepibus
1086 2770 1143 2822 ursi

457 2844 573 2912 Saevire,
591 2861 623 2898 ac
640 2845 743 2898 formae
760 2860 920 2913 magnorum
938 2844 1043 2903 ululare
1061 2846 1193 2915 luporum,

457 2920 531 2986 Quos
548 2922 686 2976 hominum
704 2938 739 2975 ex
756 2922 824 2975 facie
842 2922 896 2975 dea
913 2937 994 2975 saeva
1011 2922 1171 2989 potentibus
1188 2921 1284 2976 herbis

457 2998 590 3052 Induerat
609 2997 687 3052 Circe
704 2997 732 3050 in
750 2997 840 3051 voltus
858 3013 890 3051 ae
907 3001 986 3065 terga
1002 2997 1127 3051 ferarum.
1282 3012 1307 3053 ao

457 3072 533 3138 Quae
550 3090 585 3127 ne
603 3076 724 3127 monstra
740 3074 779 3143 pii
796 3077 960 3143 paterentur
976 3074 1043 3128 talia
1061 3075 1144 3129 Troes

456 3148 549 3203 Delati
566 3150 594 3202 in
613 3153 717 3218 portus,
734 3166 788 3204 neu
805 3149 886 3203 litora
904 3150 965 3203 dira
982 3149 1114 3217 subirent,

456 3224 602 3294 Neptunus
619 3226 708 3281 ventis
726 3226 840 3295 inplevit
857 3225 918 3279 vele
936 3226 1069 3293 secundis,

459 3302 553 3371 Atque
570 3302 664 3370 fugam
683 3302 769 3366 dedit,
787 3304 816 3355 et
833 3305 945 3370 praeter
963 3302 1035 3357 vada
1053 3302 1158 3356 fervida
1176 3304 1258 3358 vexit

482 3380 605 3446 Iamque
621 3376 787 3433 rubescebat
804 3377 890 3432 radiis
909 3394 993 3447 mure,
1009 3382 1040 3432 et
1056 3378 1167 3432 aethere
1186 3378 1220 3432 ab
1239 3378 1296 3434 alto

435 3454 554 3507 Aurora
571 3455 602 3510 in
620 3457 713 3513 roseis
732 3456 865 3529 fulgebat
881 3457 963 3512 lutea
975 3455 1068 3524 bigis.

424 3524 500 3584 Cum
521 3536 603 3589 renti
619 3554 762 3609 posuere,
779 3536 938 3608 omnisque
954 3535 1079 3603 repente
1094 3526 1206 3581 resedit

409 3597 526 3677 Fletus,
549 3614 635 3671 etin
657 3617 745 3676 lento
765 3618 926 3676 luctantur
945 3622 1098 3669 marmore
1114 3605 1227 3656 tonsae.
