3467 4367
664 624 847 675 AENEIDOS
867 623 937 673 LIB.
955 622 1023 672 VII.
1217 625 1262 671 211

414 709 502 775 Piens,
519 724 620 778 equum
637 706 770 772 domitam
789 722 871 775 quem
889 707 969 775 capta
985 704 1113 774 cupidine
1130 703 1248 764 coniunx

413 789 508 841 Aurea
523 801 682 854 percussum
700 784 776 850 virga
793 799 957 850 versumque
974 783 1088 837 venenis
1229 795 1266 835 iso

413 861 492 915 Fecit
509 877 587 914 avem
606 860 690 928 Circe,
709 860 864 929 sparsitque
883 858 1018 912 coloribus
1036 859 1099 914 alas.

413 937 471 990 Tali
489 937 563 990 intus
582 936 684 1004 templo
702 935 792 989 divom
811 935 955 1004 patriaque
974 936 1087 990 Latinus

412 1011 486 1067 Sede
504 1012 604 1074 sedens
621 1012 739 1066 Teucros
756 1012 792 1064 ad
810 1028 871 1065 sese
889 1012 917 1064 in
935 1015 1011 1066 tecta
1028 1012 1150 1076 rocavit3

412 1090 509 1158 Atque
527 1088 595 1142 haec
611 1088 740 1155 ingressis
758 1088 863 1155 placido
882 1088 958 1157 prior
976 1088 1065 1142 edidit
1082 1105 1141 1143 ore:

446 1165 544 1233 Dicite,
554 1164 737 1228 Dardanidae,
749 1166 919 1232 nequeenim
928 1166 1062 1217 nescimus
1071 1168 1100 1218 et
1109 1164 1205 1219 urbem
1229 1154 1264 1220 lab

412 1242 560 1309 tergenus,
579 1240 720 1309 auditique
738 1240 881 1294 advertitis
899 1256 1018 1309 aequore
1035 1257 1151 1309 cursum,

412 1317 486 1382 Quid
504 1317 615 1386 petitis?
635 1334 704 1386 quae
722 1333 817 1369 caussa
835 1319 915 1381 rates,
935 1320 983 1369 aut
1001 1317 1077 1370 cuius
1095 1318 1200 1384 egentis

413 1394 492 1447 Litus
510 1394 547 1446 ad
566 1394 716 1447 Ausonium
735 1396 778 1446 tot
795 1409 845 1461 per
863 1393 934 1445 vada
951 1392 1059 1446 caerula
1077 1393 1168 1447 veriti

412 1470 475 1523 Sive
492 1486 585 1522 errore
603 1470 668 1533 viae,
687 1485 736 1522 sen
752 1468 964 1538 tempestatibus
981 1469 1042 1535 soti,

411 1546 508 1609 Qualia
526 1544 612 1598 multa
629 1544 699 1598 mari
716 1549 816 1598 nautae
833 1545 976 1612 patiuntur
993 1544 1021 1597 in
1039 1544 1104 1613 aito,
1227 1562 1264 1601 aon

413 1622 546 1675 Fluminis
562 1621 685 1676 intrastis
703 1623 777 1690 ripas
793 1625 931 1690 portuque
949 1621 1057 1690 sedetis,

411 1698 438 1752 N
439 1716 455 1753 e
472 1698 558 1766 fugite
576 1698 730 1767 hospitium,
748 1716 816 1753 neve
833 1698 959 1766 ignorate
977 1698 1089 1752 Latinos

412 1774 523 1829 Saturni
541 1779 657 1843 gentem,
675 1776 749 1829 haud
767 1775 853 1829 vinclo
872 1792 923 1829 nec
940 1774 1047 1843 legibus
1064 1790 1189 1843 aequam,

412 1852 515 1921 Sponte
532 1870 581 1905 sua
598 1854 754 1921 veterisque
773 1852 818 1905 dei
837 1869 866 1905 se
884 1869 960 1906 more
978 1855 1126 1905 tenentem.
1253 1850 1256 1858 '
1312 1905 1313 1909 ,

411 1930 507 1997 Atque
519 1929 647 1997 equidem
658 1929 878 1983 memini-fama
890 1932 933 1983 est
945 1928 1085 1982 obscurior
1097 1932 1210 1981 annis-'-
1226 1942 1263 1982 aot

413 2007 555 2059 Auruncos
573 2006 613 2059 ita
629 2006 702 2059 ferre
719 2022 806 2073 senes,
823 2005 867 2057 his
885 2008 962 2058 ortus
979 2008 1010 2058 ut
1028 2004 1102 2071 agris

412 2082 556 2135 Dardanus
575 2082 673 2134 Idaeas
691 2082 825 2148 Phrygiae
843 2080 995 2150 penetrarit
1012 2080 1049 2132 ad
1065 2079 1148 2133 urbes
1160 2113 1172 2133 .

411 2158 617 2224 Threiciamque
636 2157 742 2221 Samon,
761 2172 832 2223 quae
848 2172 920 2208 nunc
938 2154 1122 2207 Samothracia
1138 2154 1232 2207 fertur.

415 2234 486 2286 Hinc
503 2233 579 2285 illum
599 2229 711 2298 Corythi
729 2229 868 2299 Tyrrhena
885 2229 920 2283 ab
938 2228 1004 2283 sede
1021 2228 1174 2298 profectum

416 2313 507 2361 Aurea
524 2323 594 2361 nunc
613 2307 679 2360 solio
697 2307 831 2361 stellantis
848 2306 926 2373 regia
942 2305 1009 2359 (aeli
1226 2320 1263 2359 aro

414 2383 522 2451 Accipit
539 2386 568 2436 et
585 2399 729 2436 numerum
747 2382 870 2436 divorum
889 2380 1020 2435 altaribus
1036 2380 1124 2435 addit.

447 2460 575 2525 Dixerat;
597 2462 626 2514 et
643 2458 718 2513 dieta
736 2439 856 2528 Ilioness
875 2458 914 2530 sic
931 2474 996 2512 voce
1014 2461 1136 2513 secutus:

415 2536 480 2604 lter,
497 2552 583 2604 genus
601 2537 741 2604 egregium
759 2535 855 2604 Fauni,
872 2552 922 2590 nec
938 2534 1066 2589 fluctibus
1083 2536 1157 2588 actos

414 2615 485 2665 Atra
502 2613 611 2680 subegit
628 2613 734 2681 hiemps
751 2612 850 2666 vestris
868 2611 1015 2666 succedere
1032 2610 1123 2678 terris,

412 2689 436 2740 N
439 2704 470 2741 ec
488 2689 564 2741 sidus
581 2689 769 2757 regionariae
786 2689 885 2743 litusve
902 2688 1014 2753 fefellit;
1226 2700 1263 2739 ars

412 2763 530 2816 Consilio
548 2763 617 2818 hanc
635 2781 728 2819 omnes
746 2766 899 2833 animisque
917 2765 1070 2818 volentibus
1087 2763 1185 2817 urbem

375 2905 377 2909 Α
415 2840 580 2910 Adferimur,
598 2841 670 2909 pulsi
687 2843 786 2909 regnis,
805 2858 876 2910 quae
894 2857 1021 2894 maxuma
1039 2839 1177 2909 quondam

413 2917 544 2970 Extremo
562 2918 672 2971 veniens
692 2918 738 2971 Sol
756 2916 907 2985 aspiciebat
925 2916 1046 2985 Olympo.

417 2993 459 3046 Ab
479 2993 544 3047 Iove
562 2994 724 3063 principium
741 2993 862 3066 generis;
883 2993 948 3046 Iove
966 2992 1095 3047 Dardana
1111 2990 1198 3058 pubes

412 3069 522 3125 Gaudet
539 3087 602 3137 avo3
622 3087 675 3145 rex·
688 3071 748 3139 ipse
767 3069 840 3123 Iovis
858 3069 894 3123 de
911 3071 993 3137 gente
1009 3083 1142 3137 suprema,
1225 3080 1262 3119 aso

412 3147 507 3201 Troius
527 3151 643 3214 Aeneas,
661 3151 711 3202 tua
727 3163 777 3201 nos
795 3146 831 3200 ad
849 3146 944 3199 limina
961 3144 1042 3198 misit

412 3226 519 3289 Quanta
535 3242 586 3293 per
604 3225 703 3278 Idaeos
721 3223 808 3278 saevis
825 3222 911 3277 effusa
929 3220 1050 3290 Mycenis

411 3299 571 3368 Tempestas
588 3300 650 3355 ierit
668 3317 784 3369 campos,
802 3298 900 3368 quibus
917 3300 994 3352 actus
1011 3299 1129 3365 uterque

412 3376 538 3443 Europae
555 3379 640 3445 atque
659 3378 743 3431 Asiae
760 3376 825 3429 fatis
843 3374 1011 3430 concurrerit
1028 3372 1111 3440 orbis,

412 3450 519 3517 Audiit,
537 3454 566 3505 et
584 3451 607 3505 si
625 3468 705 3519 quem
723 3451 805 3506 tellus
822 3455 946 3505 extrema
962 3450 1055 3514 rehaso
1229 3459 1274 3494 θ’»)

411 3525 560 3580 Submoret
579 3525 693 3595 Oceano,
713 3530 744 3583 et
760 3528 784 3583 si
803 3545 892 3600 quem
907 3530 1030 3584 extenta
1042 3518 1204 3606 phagarim

401 3600 540 3661 Quattuor
554 3603 585 3656 r‘n
603 3604 698 3672 medio
717 3605 832 3664 dirimit
845 3606 940 3679 plaga
954 3602 1037 3659 Sohis
1050 3598 1160 3661 mxum-
1227 3672 1230 3676 ,

385 3670 559 3789 Dilpqyio'ex
577 3680 628 3735 fflo
647 3685 694 3739 tot
713 3688 804 3743 vasta
821 3701 880 3759 per
900 3694 1041 3754 aequora
1056 3667 1146 3728 mih
