3467 4367
712 619 894 670 nunninus
911 620 982 673 nm.
1001 620 1034 671 v.
1251 590 1308 671 ιη’

445 696 597 755 Abduxere
613 702 689 753 retro
707 699 788 768 longe
806 701 897 770 ‹apita
914 702 1001 756 ardua
1018 700 1053 756 ab
1070 701 1133 765 ictu,

445 774 650 843 Inmiscentque
667 792 764 830 manus
781 777 915 845 manibus,
933 795 1109 847 pugnamque
1125 778 1267 833 lacessunt.

444 849 498 905 Ille
514 850 618 920 pedum
635 852 731 905 melior
748 856 833 921 motu,
851 854 994 922 fretusque
1011 854 1129 921 iuventa,
1253 868 1298 909 seo

444 928 499 981 Hic
516 926 646 981 membris
664 931 693 981 et
710 929 782 982 mole
799 930 908 996 valens3
926 930 976 983 sed
993 930 1075 984 tarda
1091 931 1221 984 trementi

444 1005 540 1057 (lenna
556 1002 659 1071 labant,
678 1007 769 1058 vastos
787 1005 879 1073 quatit
896 1022 979 1074 aeger
996 1005 1131 1059 anhelitus
1149 1010 1233 1061 artus.

444 1078 535 1133 Multa
552 1079 604 1132 viri
622 1080 786 1148 nequiquam
804 1081 878 1135 inter
896 1098 925 1135 se
944 1082 1053 1135 volnera
1070 1082 1182 1150 iactant,

444 1154 535 1210 Multa
551 1172 617 1209 earo
635 1155 716 1209 lateri
733 1156 903 1224 ingeminant
921 1162 951 1212 et
968 1161 1080 1227 pectore
1097 1162 1189 1213 vastos

443 1229 519 1287 Dant
537 1231 649 1297 sonitus,
668 1238 797 1300 erratque
815 1232 889 1286 auris
908 1237 937 1287 et
955 1237 1081 1302 tempora
1097 1234 1198 1288 circum
1261 1249 1297 1288 sss

444 1308 549 1363 Crebra
566 1325 668 1372 manus,
687 1307 757 1361 duro
775 1310 912 1376 crepitant
930 1309 981 1363 sub
999 1310 1108 1364 volnere
1126 1311 1219 1365 malae.

443 1386 508 1440 Stat
523 1384 616 1452 gravis
634 1384 759 1438 Entellus
776 1385 892 1452 nisuque
909 1386 1028 1439 inmotus
1046 1386 1150 1453 eodem,

444 1462 565 1531 Corpore
583 1460 639 1514 tela
656 1460 737 1513 modo
755 1463 839 1529 atque
857 1461 942 1515 oculis
960 1461 1134 1528 vigilantibus
1152 1462 1218 1518 exit.

445 1538 504 1607 llle,
521 1537 598 1591 velut
615 1536 715 1589 celsam
733 1541 873 1606 oppugnat
891 1538 937 1606 qui
956 1537 1072 1592 molibus
1088 1538 1193 1606 urbem,

421 1659 426 1672 .
445 1616 505 1670 Aut
523 1616 654 1668 montana
671 1612 751 1667 sedet
768 1614 869 1668 circum
887 1614 1000 1668 castella
1017 1613 1068 1667 sub
1085 1614 1177 1683 armis,
1260 1627 1297 1669 tto

446 1690 525 1743 Nunc
541 1690 599 1758 hos,
617 1706 689 1743 nunc
705 1690 766 1743 illos
784 1690 883 1758 aditus,
901 1707 1063 1759 omnemque
1080 1694 1205 1760 pererrat

448 1770 517 1821 Arte
533 1767 630 1833 locum,
647 1770 677 1819 et
694 1766 776 1820 variis
794 1767 949 1821 adsultibus
966 1767 1065 1821 inritus
1082 1770 1189 1835 urguet.

444 1842 575 1898 Ostendit
593 1842 720 1896 dextram
738 1842 881 1911 insurgens
900 1843 1024 1897 Entellus
1042 1848 1072 1898 et
1089 1844 1145 1899 alte

446 1915 565 1974 Extulit:
583 1918 630 1972 ille
646 1919 731 1972 ictum
749 1920 902 1973 venientem
921 1920 1056 1973 avertice
1074 1919 1153 1973 velox

447 1996 594 2062 l’reeridit,
613 1994 750 2063 celerique
768 1996 876 2065 elapsus
894 2013 1007 2065 corpore
1025 1995 1122 2049 cessit:
1260 2008 1297 2049 415

445 2071 570 2125 Entellus
588 2071 653 2124 viris
671 2071 699 2123 in
718 2075 829 2125 ventum
846 2072 951 2139 effudit,
971 2075 1000 2125 et
1016 2071 1089 2124 ultro

445 2148 509 2216 Ipse
526 2147 617 2215 gravis
634 2148 812 2216 graviterque
829 2148 865 2201 ad
882 2151 986 2201 terram
1003 2146 1124 2215 pondere
1143 2149 1219 2200 vasto

444 2224 583 2279 Concidit:
601 2227 634 2277 ut
651 2223 788 2292 quondam
805 2240 872 2277 cava
889 2223 1008 2277 concidit
1025 2226 1073 2276 aut
1093 2221 1266 2290 Erymantho,

446 2301 504 2355 Aut
523 2300 576 2353 Ida
592 2300 620 2352 in
638 2316 743 2368 magna,
761 2298 899 2352 radicibus
916 2301 996 2352 eruta
1013 2298 1099 2366 pinus.

443 2376 619 2445 Consurgunt
637 2375 736 2429 studiis
754 2374 850 2428 Teucri
868 2378 898 2427 et
915 2373 1055 2427 Trinacria
1072 2371 1173 2441 pubes;
1259 2387 1296 2427 eso

445 2453 474 2507 lt
492 2452 593 2507 elamor
610 2452 692 2519 caelo,
710 2452 869 2519 primusque
887 2450 1005 2510 accurrit
1023 2450 1147 2517 Acestes,

444 2529 679 2598 Aeqnaevumque
697 2527 732 2581 ab
750 2526 832 2580 humo
850 2526 981 2581 miserans
999 2526 1102 2581 attollit
1120 2526 1242 2581 amicum.

444 2606 485 2660 At
502 2622 556 2659 non
574 2604 701 2658 tardatus
719 2620 783 2657 casu
800 2621 890 2673 neque
907 2603 1021 2657 territus
1039 2602 1120 2656 heros

445 2681 543 2735 Acrior
560 2681 596 2734 ad
614 2698 734 2750 pugnam
751 2680 832 2747 redit,
850 2697 882 2734 ae
900 2680 955 2733 vim
973 2680 1087 2734 miscitat
1105 2679 1153 2733 ira

443 2758 512 2811 Tum
529 2758 618 2827 pudor
635 2756 757 2811 incendit
774 2757 839 2811 viris
857 2760 886 2811 at
904 2756 1011 2810 conscia
1028 2757 1122 2823 virtus,
1259 2769 1296 2809 455

444 2834 682 2903 Praecipitemque
700 2833 792 2886 Daren
810 2833 910 2886 ardens
928 2832 987 2900 agit
1004 2848 1123 2900 aequore
1140 2833 1207 2896 toto,

443 2910 469 2963 N
472 2926 526 2963 une
540 2909 640 2968 dextra
656 2909 825 2977 ingeminans
842 2909 920 2977 ictus,
938 2924 1010 2963 nune
1027 2909 1072 2961 ille
1090 2908 1213 2972 sinistra3

443 2986 469 3039 N
472 3001 503 3039 ec
520 3002 603 3052 mora,
622 3002 672 3039 nee
689 2985 811 3054 requies:
830 3003 912 3054 quam
930 2984 1018 3038 multa
1035 2984 1170 3053 grandine
1187 2986 1272 3041 nimbi

442 3061 613 3117 Culminibus
631 3062 775 3130 crepitant,
793 3062 832 3115 sic
850 3061 942 3115 densis
959 3060 1060 3114 ictibus
1077 3060 1158 3114 heros
1249 3101 1268 3132 ,

443 3138 548 3192 Creber
565 3141 682 3207 utraque
700 3155 783 3191 manu
799 3138 893 3207 pulsat
907 3140 1057 3206 ,versatque
1075 3136 1186 3191 Dareta.
1260 3150 1296 3190 teo

443 3214 513 3267 Tum
530 3213 615 3283 pater
628 3217 737 3269 Aeneas
754 3214 904 3283 procedere
923 3213 1028 3281 longius
1045 3213 1101 3267 iras

443 3288 481 3344 Et
499 3291 603 3345 saevire
621 3291 718 3344 animis
737 3291 875 3344 Entellum
893 3289 967 3343 haud
985 3306 1081 3358 pessus
1099 3288 1218 3355 acerbis;

443 3366 501 3420 Sed
517 3367 600 3421 finem
617 3366 738 3436 inposuit
754 3383 870 3437 pugnae,
888 3367 1045 3434 fessumque
1063 3366 1167 3419 Dareta

443 3441 559 3511 Eripuit,
578 3442 699 3496 muleens
717 3443 806 3510 dictis,
824 3459 855 3496 aa
873 3443 941 3497 talia
957 3442 1047 3497 fatur:

442 3518 549 3584 infelix,
569 3534 640 3587 quae
657 3522 736 3574 tanta
753 3520 879 3576 animum
897 3520 1047 3576 dementia
1063 3516 1161 3586 ospiti
1290 3517 1332 3552 ’ἢ

430 3593 495 3646 Non
515 3594 580 3647 rr'rr's
597 3594 668 3649 alias
686 3614 883 3673 conversaque
900 3600 1029 3656 nunnna
1044 3592 1161 3651 sentiet

421 3664 577 3786 Cedeljleo
618 3672 765 3748 Dixitque
784 3682 816 3737 et
834 3678 959 3753 proelia
972 3692 1052 3734 soce
1071 3661 1215 3725 duremu-
