3467 4367
662 882 692 930 P.
710 881 862 929 VERGILI
878 879 1042 929 MARONIS

620 1053 1082 1133 AENEIDOS

693 1260 812 1338 mann
829 1256 1007 1313 uncinus,

797 1423 899 1451 —e-

428 1538 578 1594 Panumua
595 1540 700 1595 interea
718 1541 815 1596 domus
831 1539 1029 1609 omnipotentis
1047 1535 1163 1607 Olympi,

428 1615 632 1685 Conciliumque
650 1621 729 1671 vocat
747 1617 838 1671 divom
855 1619 937 1686 pater
954 1619 1038 1684 atque
1055 1614 1196 1668 hominum
1212 1628 1262 1666 rex

427 1691 568 1746 Sideream
586 1692 614 1745 in
633 1693 734 1760 sedem,
752 1697 842 1748 terras
859 1693 935 1747 unde
952 1691 1054 1744 arduus
1071 1689 1159 1744 omnia

427 1768 579 1837 Castraque
597 1769 785 1823 Dardanidum
803 1770 948 1838 adspectat
965 1767 1135 1837 populosque
1153 1763 1272 1838 Latinos.

427 1844 577 1899 Considunt
594 1847 676 1899 tectis
694 1846 902 1915 bipatentibus3
918 1844 1015 1913 incipit
1032 1843 1106 1910 ipse:
1261 1856 1274 1892 5

426 1919 575 1974 Caelicolae
592 1922 692 1990 magni,
710 1939 836 1990 quianam
855 1920 993 1975 sententia
1009 1917 1086 1971 vobis

426 1996 515 2049 Versa
532 1999 615 2063 retro,
632 1999 794 2064 tantumque
811 1997 909 2049 animis
927 1996 1039 2049 certatis
1056 1992 1175 2060 iniquis?

426 2070 585 2123 Abnueram
604 2071 676 2124 bello
694 2072 803 2124 Italiam
820 2086 984 2127 concurrere
1003 2068 1121 2122 Teucris.

426 2144 502 2207 Quae
520 2149 617 2199 contra
633 2146 750 2199 vetitum
769 2144 923 2199 discordial
941 2146 1003 2213 quis
1020 2146 1111 2196 metus
1128 2144 1177 2195 aut
1193 2140 1244 2195 hos

427 2221 486 2273 Aut
503 2219 553 2273 hos
570 2236 647 2273 arma
664 2221 740 2289 sequi
758 2222 917 2287 ferrumque
934 2219 1067 2272 lacessere
1085 2217 1191 2272 suasitl
1249 2232 1274 2271 10

426 2296 565 2350 Adveniet
581 2297 683 2351 iustum
700 2312 816 2366 pugnae,
833 2313 869 2350 ne
887 2296 1025 2362 arcessite,
1042 2298 1160 2362 tempus,

426 2371 495 2425 Cum
513 2373 572 2425 fera
590 2372 732 2441 Karthago
751 2371 881 2426 Romanis
899 2370 1007 2425 arcibus
1024 2371 1088 2424 olim

426 2447 548 2501 Exitium
566 2464 694 2516 magnum
712 2451 797 2516 atque
815 2448 910 2517 Alpes‘
919 2447 1041 2501 inmittet
1059 2448 1186 2515 apertas:

426 2522 495 2575 'lum
512 2528 619 2578 certare
636 2523 714 2592 odiis,
731 2527 792 2578 tum
809 2540 854 2577 res
872 2523 997 2593 rapuisse
1014 2522 1116 2577 licebit.

426 2598 452 2654 N
453 2615 507 2652 unc
524 2598 612 2666 sinite,
631 2602 660 2653 et
676 2599 807 2669 placitum
824 2600 890 2656 laeti
909 2594 1053 2668 conponiie
1070 2597 1178 2653 foedus.
1249 2612 1273 2653 1⁵

403 2692 405 2695 ⁴
461 2674 588 2743 Iuppiter
603 2674 671 2729 haee
688 2675 799 2744 paucis3
816 2678 846 2729 at
863 2692 917 2729 uon
936 2676 1031 2729 Venus
1048 2691 1132 2728 aurea
1149 2677 1244 2728 eontra

426 2750 517 2803 Pauca
534 2751 636 2804 refert:

425 2825 449 2879 Ο
469 2827 559 2894 Pater,
577 2843 594 2880 o
611 2827 751 2880 hominum
768 2843 916 2895 rerumque
934 2829 1047 2881 aeterna
1064 2828 1201 2895 potestas!

425 2902 551 2971 Namque
569 2903 644 2957 aliud
662 2902 730 2971 quid
747 2903 792 2971 sit,
811 2903 885 2971 quod
903 2902 1109 2971 iaminplorare
1123 2902 1274 2970 queamus?

426 2978 529 3045 Cernis,
547 2982 579 3033 nt
596 2979 729 3034 insultent
747 2978 851 3047 Rutuli,
870 2979 1032 3048 Turnusque
1049 2978 1156 3031 feratur
1250 2992 1274 3030 ao

426 3054 480 3107 Per
497 3056 602 3109 medios
618 3055 733 3124 insignis
750 3056 828 3124 equis
847 3055 1026 3124 tumidusque
1043 3053 1163 3109 'secundo

426 3129 518 3183 Marte
535 3133 620 3186 ruatt
638 3131 664 3184 N
666 3148 700 3185 on
718 3132 810 3185 clausa
826 3134 927 3199 tegunt
944 3131 1000 3185 iam
1017 3130 1125 3184 moenia
1139 3129 1159 3182 Τ
1162 3145 1257 3183 eucros

427 3203 499 3266 Quiu
516 3205 589 3260 intra
605 3211 699 3276 portas
715 3211 799 3276 atque
816 3208 883 3276 ipsis
900 3207 1004 3277 proelia
1020 3206 1136 3260 miscent

428 3280 584 3346 Aggeribus
602 3298 749 3351 murorum,
768 3287 797 3338 et
813 3283 950 3338 inundant
968 3282 1101 3351 sanguine
1117 3280 1216 3335 fossae.

428 3355 537 3408 Aeneas
555 3356 665 3424 ignarus
682 3358 768 3413 abest
804 3360 997 3428 Numquamne
1015 3358 1100 3413 levari
1251 3372 1275 3410 aa

428 3430 579 3485 Obsidione
597 3432 689 3486 sines?
707 3435 793 3489 muris
808 3435 915 3490 iterum
928 3435 1064 3489 imminet
1072 3435 1176 3487 *nostis

422 3506 568 3562 Nascentis
588 3508 693 3579 Troiae,
710 3528 765 3568 nec
781 3529 843 3569 non
859 3512 1011 3569 exereitus
1025 3510 1104 3565 alter
1115 3528 1130 3569 κ
1248 3563 1255 3575 ,

412 3580 513 3647 Atque
529 3584 634 3640 iterum
655 3586 687 3643 in
706 3589 840 3648 Teucros
859 3590 982 3647 Aetolis
1001 3582 1105 3651 surgit
1120 3578 1166 3632 *ὼ
1188 3576 1286 3626 ml*
