3467 4367
670 612 874 662 GEORGICON
891 613 961 665 LIB.
981 616 1035 667 III.
1245 609 1275 656 t?

426 693 524 759 Atque
542 690 610 744 haec
627 687 683 743 iam
702 691 791 759 primo
810 690 941 760 depulsus
958 692 993 745 ab
1011 692 1097 747 ubere
1114 694 1210 749 matris

423 768 544 835 Audeat,
562 766 645 833 inque
662 766 748 821 vicem
767 768 816 822 det
833 768 961 822 mollibus
979 786 1027 823 ora
1044 770 1170 838 capistris

422 842 564 898 Invalidus
583 843 722 911 etiamque
740 847 868 911 tremens,
888 845 971 899 etiam
989 846 1089 899 inscius
1106 846 1172 900 aevi.

421 922 463 975 At
481 918 570 973 tribus
589 920 692 972 exactis
710 919 757 972 ubi
777 926 876 988 quarta
894 920 1155 992 accesserit'aestas,
1242 938 1278 979 roo

420 999 543 1067 Carpere
560 1011 624 1048 mox
642 1012 739 1063 gyrum
757 996 871 1066 incipiat
889 998 1076 1068 gradibusque
1094 1016 1191 1054 sonare

420 1071 582 1142 Conpositis,
601 1071 747 1140 sinuetque
766 1073 873 1127 alterna
890 1074 1027 1128 volumina
1044 1092 1161 1144 crurum,

419 1152 519 1219 Sitque
536 1147 673 1202 laboranti
692 1149 803 1215 similis;
823 1153 882 1203 tum
902 1150 1026 1204 cursibus
1044 1169 1141 1221 auras,

419 1228 489 1282 Tum
506 1229 591 1293 vocet,
610 1240 641 1277 ac
659 1241 709 1293 per
728 1229 824 1293 aperta
842 1226 943 1294 volans,
961 1244 1012 1281 ceu
1029 1228 1099 1282 liber
1116 1229 1237 1297 habenis,

420 1306 552 1372 Aequora
568 1301 614 1354 rix
633 1317 740 1355 summa
757 1301 875 1368 vestigia
892 1307 976 1370 ponat
994 1320 1091 1371 arena;
1241 1320 1277 1358 ras

419 1380 514 1445 Qualis
533 1377 720 1447 Hyperboreis
740 1378 842 1445 Aquilo
860 1395 923 1431 cum
941 1379 1041 1433 densus
1060 1381 1095 1434 ab
1114 1381 1169 1435 oris

420 1455 557 1523 incubuit,
576 1452 758 1523 Scythiaeque
775 1453 880 1508 hiemes
899 1459 983 1524 atquo
1001 1456 1079 1510 arida
1097 1456 1190 1511 differt

418 1532 535 1598 Nubila3
553 1533 613 1584 tum
631 1535 740 1598 segetes
758 1531 830 1584 altae
849 1532 992 1601 campique
1010 1537 1137 1587 natantes

419 1609 540 1668 Lenibus
557 1608 718 1662 horrescunt
736 1607 836 1676 flabris,
854 1625 1030 1677 summaeque
1048 1626 1171 1663 sonorem

418 1684 494 1739 Dant
511 1685 595 1738 silvae
613 1684 742 1753 longique
759 1688 879 1753 urguent
897 1684 933 1738 ad
950 1685 1033 1739 litora
1050 1685 1164 1749 fluctus;
1239 1700 1275 1740 noe

419 1761 471 1815 Ille
489 1761 574 1829 volat,
590 1760 670 1813 simul
689 1778 754 1815 arva
770 1761 842 1829 huga,
860 1760 941 1814 simul
960 1778 1078 1829 aequora
1095 1777 1214 1815 vomens.

418 1838 473 1891 Hic
491 1835 535 1892 rel
553 1836 590 1890 ad
604 1836 668 1889 ¹illei
686 1842 775 1892 metas
794 1840 823 1890 et
840 1853 968 1890 maxuma
987 1837 1075 1905 campi

418 1913 537 1969 Sndabit
553 1913 650 1983 spatia,
670 1917 699 1967 et
717 1929 827 1983 spumas
845 1916 910 1979 aget
928 1930 975 1966 ore
994 1917 1128 1982 cruentas,
1156 1976 1163 1989 ·

417 1990 531 2059 Belgica
548 1991 592 2045 vel
609 1990 685 2044 molli
703 1989 800 2043 melius
817 1990 889 2042 ieret
907 1988 1004 2042 esseda
1021 1990 1095 2044 collo.
1114 1994 1125 2009 ‘
1277 2039 1280 2043 .

417 2067 487 2121 Tum
505 2066 617 2121 demum
635 2084 727 2120 crassa
744 2082 872 2133 magnum
890 2065 1027 2133 farragine
1045 2083 1142 2135 corpus
1238 2082 1274 2121 uos

417 2144 548 2198 Crescere
567 2144 620 2196 iam
640 2142 750 2196 domitis
768 2141 865 2195 sinito:
889 2159 1007 2211 namque
1025 2147 1089 2197 aute
1107 2143 1273 2198 domandum

418 2221 543 2289 Ingentis
562 2220 660 2273 tollent
678 2218 788 2285 animos,
807 2219 954 2287 prensique
972 2218 1111 2287 negabunt

417 2297 543 2352 Verbera
560 2295 635 2349 lenta
652 2294 711 2364 pati
730 2297 759 2347 et
777 2293 854 2347 duna
872 2311 970 2362 parere
988 2294 1095 2362 lupatis.

452 2372 508 2426 Sed
525 2389 579 2425 uon
596 2372 653 2425 ulla
670 2370 757 2437 magis
774 2369 840 2423 viris
859 2370 995 2424 industria
1014 2371 1114 2440 firmat,

417 2449 505 2513 Quam
524 2448 661 2502 Venerem
680 2450 709 2501 et
727 2447 799 2500 caeci
818 2446 943 2500 stimulos
962 2451 1087 2502 avertere
1104 2449 1211 2518 amoris,
1236 2464 1273 2504 aro

416 2524 480 2578 Sive
498 2524 580 2577 boum
599 2524 656 2577 sive
676 2526 718 2577 est
736 2523 779 2577 oui
796 2523 902 2591 gratior
921 2540 986 2577 usus
1005 2541 1144 2593 equoruun.

417 2601 513 2669 Atque
529 2599 593 2654 ideo
611 2604 704 2654 tauros
720 2600 815 2670 procul
833 2603 918 2668 atque
935 2600 963 2653 in
982 2602 1038 2655 sola
1055 2601 1179 2670 relegant

416 2676 528 2745 Pascua,
545 2680 608 2744 post
624 2681 745 2730 montem
760 2676 923 2745 oppositum,
936 2681 965 2731 et
981 2682 1057 2732 trans
1073 2677 1185 2732 flumina
1200 2678 1272 2747 lata;

416 2755 475 2807 Aut
492 2752 567 2807 intus
584 2752 689 2807 clausos
709 2757 802 2806 satura
820 2753 866 2805 aci¹
876 2754 1019 2823 praesepia
1037 2759 1152 2809 servant.

416 2829 511 2898 Carpit
529 2829 602 2883 enim
620 2828 684 2883 viris
703 2829 835 2899 paulatim
855 2830 966 2898 uritque
984 2830 1103 2884 videndo
1236 2845 1272 2884 215

417 2905 536 2974 Femina,
555 2922 606 2959 nec
623 2922 764 2960 nemorum
782 2907 888 2976 patitur
906 2907 1060 2960 meminisse
1078 2923 1127 2960 nec
1144 2906 1253 2961 herbae.

416 2982 549 3036 Dulcibus
566 2982 613 3036 illa
631 2982 742 3051 quidem
761 2983 906 3037 inlecebris
924 2987 954 3037 et
971 3000 1053 3053 saepe
1071 2984 1203 3053 superbos

416 3058 551 3112 Cornibus
568 3058 641 3113 inter
658 3077 687 3114 se
709 3060 812 3127 subigit
832 3060 981 3114 decernere
998 3061 1122 3115 amantis.

418 3136 543 3189 Pascitur
559 3136 587 3189 in
605 3154 705 3205 magna
724 3136 780 3190 Sila
799 3138 918 3190 formosa
935 3137 1063 3192 iuvenca:

419 3212 461 3264 llli
479 3212 647 3267 alternantes
666 3214 754 3268 multa
772 3216 798 3267 vi
817 3214 921 3283 proelia
939 3214 1054 3267 miscent
1236 3226 1273 3265 aaa

417 3289 581 3343 Volneribus
598 3291 719 3357 crebris;
737 3292 804 3345 lavit
823 3294 884 3345 ater
902 3308 1015 3360 corpora
1032 3288 1147 3357 sanguis,

417 3366 560 3437 l'ersaque
578 3370 605 3422 in
624 3368 738 3424 obnixos
756 3373 911 3438 urguentur
930 3384 1030 3421 cornua
1046 3371 1123 3419 vasto

415 3445 484 3498 Cum
502 3446 623 3514 gemitu;
641 3447 757 3501 reboant
775 3446 915 3517 silvaeque
935 3448 965 3500 et
982 3444 1083 3513 longus
1097 3442 1248 3509 Clqmqus.

412 3522 441 3574 N
441 3540 473 3575 ec
487 3538 548 3576 mos
565 3522 693 3580 bellantis
711 3542 768 3582 una
786 3524 949 3595 stabulare,
967 3523 1022 3580 seh
1038 3522 1112 3577 alter

407 3597 502 3649 Victus
519 3598 586 3667 abit,
607 3600 750 3675 longoque
769 3605 881 3677 ignotis
902 3604 1021 3662 exsulat
1042 3599 1115 3667 oris,

387 3665 482 3722 Multa
497 3690 618 3739 gemens
638 3680 840 3749 ignominiam
856 3686 1032 3758 plagasque
1052 3669 1185 3746 supeffix

1284 3591 1331 3629 Ἢ»
