3467 4367
709 857 739 906 P.
755 853 913 904 'VERGILI
930 853 1096 903 MARONIS

681 999 1132 1081 GEORGICON

750 1187 868 1242 LIBER
892 1187 1062 1242 ruamus,

862 1384 961 1414 -μ-

480 1534 520 1587 Ta
538 1548 656 1601 quoque,
674 1548 773 1600 magna
791 1537 878 1604 Pales,
896 1539 926 1590 et
942 1538 972 1591 te
989 1537 1165 1589 memorande
1181 1550 1316 1591 canemus

480 1608 580 1662 Pastor
597 1608 632 1660 ab
652 1607 815 1678 Amphryso,
832 1628 888 1678 vos,
907 1611 991 1667 silvae
1008 1626 1156 1680 amnesque
1175 1609 1285 1679 Lycaei.

480 1685 587 1752 Cetera,
606 1700 676 1752 quae
694 1701 792 1740 vacuas
809 1688 964 1742 tenuissent
981 1687 1101 1741 carmine
1118 1690 1234 1755 mentes,
1300 1725 1309 1736 .
1356 1730 1361 1741 .

479 1761 578 1816 Omnia
596 1761 649 1815 iarn
667 1759 787 1828 volgata:
806 1762 868 1832 quis
886 1765 935 1817 aut
953 1762 1107 1831 Eurysthea
1124 1762 1233 1831 durum,

480 1839 539 1891 Aut
557 1837 689 1891 inlaudati
707 1839 795 1893 nescit
813 1838 949 1893 Busiridis
967 1840 1045 1893 arasl

479 1915 530 1969 Cui
547 1930 600 1968 non
620 1912 710 1967 dictus
730 1916 817 1984 Hylas
834 1932 905 1985 puer
922 1918 952 1970 et
970 1915 1085 1969 Latonia
1103 1911 1194 1979 Delos,

478 1990 718 2060 Hippodameque,
736 1992 905 2062 humeroque
924 1991 1023 2060 Pelops
1041 1990 1155 2057 insignis
1173 1990 1289 2059 eburno,

478 2069 554 2122 Acer
572 2068 666 2135 equisl
702 2067 874 2136 Temptanda
891 2068 935 2122 via
953 2071 1005 2135 est,
1022 2083 1078 2135 qua
1095 2082 1140 2121 me
1158 2082 1270 2134 quoque

548 2161 649 2213 possim
772 2207 777 2213 ,

479 2219 586 2273 Tollere
604 2220 687 2274 humo
706 2221 846 2289 victorque
864 2220 953 2273 virum
971 2220 1086 2274 volitare
1104 2231 1155 2288 per
1173 2234 1230 2273 ora.

479 2294 588 2349 Primus
606 2313 657 2364 ego
675 2297 703 2349 in
721 2297 838 2364 patriam
856 2313 970 2364 mecum,
988 2294 1069 2348 modo
1087 2295 1144 2348 vita
1163 2294 1293 2364 supersit,
1313 2305 1339 2349 m

479 2371 569 2426 Aonio
588 2372 698 2426 rediens
717 2371 851 2425 deducam
870 2372 972 2426 vertice
991 2371 1091 2435 Musas,

479 2447 589 2501 Primus
609 2445 756 2501 Idumaeas
773 2448 891 2501 referam
909 2447 968 2514 tibi,
987 2447 1109 2515 Mantua,
1126 2446 1240 2515 palmas,

480 2524 517 2581 Et
533 2522 613 2578 viridi
631 2524 659 2577 in
678 2540 775 2591 campo
793 2523 928 2593 templum
946 2525 982 2577 de
999 2539 1134 2576 marmore
1152 2539 1251 2591 ponam

480 2600 598 2668 Propter
617 2616 723 2668 aquam,
743 2599 831 2653 tardis
847 2600 944 2667 ingens
962 2600 1008 2653 nbi
1026 2599 1142 2653 flexibus
1160 2601 1236 2653 errat

479 2676 596 2731 Mincius
614 2680 644 2730 et
662 2679 758 2730 tenera
775 2676 914 2746 praetexit
931 2676 1063 2729 arundine
1080 2676 1161 2745 ripas.
1292 2733 1296 2738 ,
1315 2690 1339 2730 m

480 2754 514 2807 ln
532 2753 623 2807 medio
642 2752 710 2806 mihi
730 2753 830 2807 Caesar
848 2754 911 2821 erit,
929 2753 1118 2821 templumque
1136 2751 1250 2807 tenebit.

479 2830 525 2885 Illi
542 2831 630 2884 victor
648 2847 699 2900 ego
717 2833 747 2885 et
765 2830 844 2899 Tyrio
862 2832 1024 2899 conspectus
1042 2830 1070 2882 in
1088 2831 1163 2882 ostro

480 2908 598 2962 Centum
617 2907 793 2977 quadriiugos
810 2906 922 2975 agitabo
939 2905 976 2959 ad
993 2904 1104 2959 flumina
1121 2922 1232 2971 currus;

480 2985 586 3039 Cuncta
603 2984 676 3052 mihi,
697 2985 836 3054 Alpheum
855 2984 981 3052 linquens
998 2981 1128 3051 lucosque
1146 2980 1289 3046 Molorchi,

480 3062 610 3116 Cursibus
628 3066 657 3116 et
677 3063 761 3116 crudo
780 3061 911 3116 decernet
929 3059 1044 3115 Graecia
1060 3061 1160 3112 caestu
1315 3072 1339 3112 au

480 3138 551 3208 Ipse,
570 3143 651 3209 caput
669 3142 765 3193 tonsae
782 3138 854 3192 loliis
873 3141 985 3192 ornatus
1003 3136 1099 3202 olivae,

479 3215 560 3270 Dona
575 3218 669 3272 feram.
709 3217 769 3270 lam
786 3232 858 3269 nunc
877 3213 1014 3268 sollemnis
1033 3213 1135 3266 ducere
1152 3226 1268 3280 pompas
1354 3272 1359 3280 ,

480 3294 527 3347 nd
545 3293 661 3348 delubra
678 3296 754 3349 iuvat
772 3309 923 3361 caesosque
940 3290 1034 3344 videre
1052 3288 1188 3354 iuvencos,

479 3369 530 3423 Vel
549 3388 648 3426 scaena
665 3375 697 3426 ut
715 3370 800 3423 versis
818 3367 943 3422 discedat
958 3365 1102 3432 frontibus,
1121 3367 1207 3432 utque

459 3445 612 3513 Purpurea
629 3448 735 3504 intexti
755 3447 858 3503 tollant
875 3445 975 3502 anses
989 3442 1129 3499 Britanni.
1314 3455 1341 3494 ι

442 3514 483 3567 In
501 3521 618 3577 eribus
632 3542 771 3596 pugnam
791 3544 829 3583 ex
849 3542 922 3582 auro
943 3521 1092 3588 solidoque
1111 3514 1260 3598 deul-123*

429 3584 641 3659 Gfflfflridum
664 3602 778 3662 faciam
797 3606 988 3671 victorisque
1007 3611 1093 3653 arnna
1111 3588 1238 3651 Quinnx,
