3467 4367
685 617 870 666 nuunrnos
887 616 957 667 ure.
975 616 1026 679 xr.
1231 622 1277 670 311

423 698 558 753 Succedat
575 713 684 765 pugnae
702 696 887 765 Troianosque
905 701 998 752 arceat
1015 696 1091 752 u'rbe.

424 774 538 841 Iamque
556 774 624 827 vale.
660 771 745 825 Simul
763 772 806 824 his
824 772 907 827 dictis
924 774 1066 843 linquebat
1083 773 1210 843 habenas,

424 849 471 902 Ad
489 853 592 903 terram
610 864 664 900 non
683 851 779 915 sponte
797 848 891 901 fluens.
928 849 996 902 Tum
1015 850 1116 917 frigida
1134 853 1195 904 tote

424 926 559 979 Paulatim
578 924 694 977 cxsolu't
714 940 743 976 se
761 940 883 993 corpore,
902 920 1031 993 lentaqhe
1050 926 1131 979 colla'
1180 981 1181 984 ,

424 1001 460 1055 Et
478 1005 588 1070 captum
606 999 662 1053 leto
679 1001 771 1068 posuit
789 1003 879 1068 caput,
898 1017 975 1053 arma
993 1001 1158 1069 relinquens,
1240 1015 1279 1055 aso

425 1078 544 1145 Vitaqne
563 1093 623 1128 cum
641 1076 747 1143 gemitu
760 1076 835 1143 -fugit
852 1075 995 1142 indignata
1013 1077 1065 1129 suh
1082 1077 1200 1132 umbras.

424 1154 492 1207 rum
504 1170 568 1206 vero
586 1153 725 1204 inmensus
743 1168 857 1219 surgens
875 1150 940 1204 ierit
958 1168 1041 1205 aurea
1058 1152 1160 1206 clamor
1215 1167 1217 1172 ’

425 1229 536 1295 Sidera3
555 1228 662 1281 deiecta
679 1227 815 1280 crudescit
833 1244 924 1295 pugna
943 1227 1073 1294 Ganrssla3

427 1306 575 1358 Incurrunt
592 1304 671 1357 densi
690 1303 770 1356 simul
789 1303 877 1355 omnis
895 1303 973 1370 copia
991 1303 1124 1357 'leucrum

426 1381 613 1449 Tyrrhenique
631 1379 715 1432 duces
734 1378 911 1446 Euandrique
931 1378 1055 1431 Arcades
1073 1379 1139 1433 alae.
1245 1394 1282 1433 seu

461 1458 502 1510 At
520 1456 627 1508 Triviae
645 1459 737 1509 custos
754 1454 915 1507 iamdudum
933 1454 962 1506 in
981 1454 1119 1508 montibus
1137 1453 1205 1523 Opis

427 1533 494 1585 Alta
512 1531 591 1584 sedet
609 1530 728 1597 summis,
748 1533 909 1597 spectatque
926 1531 1054 1584 interrita
1071 1544 1185 1599 pugnas

425 1609 521 1674 thue
538 1606 632 1674 procul
650 1605 741 1659 medio
759 1606 887 1658 iuvenum
904 1606 932 1659 in
951 1605 1069 1660 clamore
1086 1606 1227 1661 furentum

427 1681 572 1749 Prospexit
589 1682 664 1735 tristi
682 1681 826 1734 multatam
844 1680 933 1735 morte
953 1681 1104 1750 Camillam,
1195 1724 1197 1728 ⁷

428 1758 621 1825 Ingemuitque
639 1756 772 1826 deditque
789 1757 838 1811 has
856 1757 911 1811 imo
929 1761 1042 1827 pectore
1060 1774 1156 1814 voces:
1245 1771 1283 1811 eso

428 1835 491 1887 Heu
509 1834 629 1900 nimium,
648 1836 731 1903 virgo,
750 1835 864 1887 nimium
882 1835 993 1889 crudele
1011 1835 1087 1889 luisti

426 1911 601 1979 Supplicium,
620 1912 739 1965 Teucros
757 1914 853 1964 conata
871 1912 1005 1965 lacessere
1023 1912 1113 1967 hello!

427 1987 485 2040 Nec
502 1986 555 2040 tibi
573 1986 699 2040 desertae
716 1987 744 2038 in
763 1986 853 2040 dumis
872 1981 987 2040 coluisse
1006 1987 1123 2039 Dianam

427 2063 542 2130 Profuit,
560 2065 608 2116 aut
626 2066 734 2115 nostras
751 2062 866 2114 humero
884 2061 1002 2129 gessisse
1021 2062 1142 2129 sagittas.

426 2138 488 2192 Non
507 2142 598 2192 tamen
616 2135 838 2190 indecorem‘tua
856 2140 885 2190 te
903 2136 998 2203 regina
1015 2136 1128 2205 reliquit
1246 2152 1282 2190 ess

427 2215 559 2268 Extrema
576 2214 630 2266 iam
648 2213 676 2265 in
694 2215 798 2277 morte3
816 2227 906 2279 neque
924 2211 975 2264 hoc
993 2211 1052 2265 sine
1069 2211 1178 2265 nomine
1195 2211 1282 2265 letum

428 2290 482 2343 Per
499 2291 590 2357 gentis
607 2289 668 2356 crit,
689 2292 737 2341 aut
755 2288 854 2341 famam
873 2280 988 2354 patieris
1006 2287 1117 2341 inultae.

428 2366 498 2418 Nam
517 2366 682 2434 quicumque
701 2368 781 2417 tuum
799 2362 911 2416 violavit
929 2362 1038 2415 volnere
1057 2380 1161 2431 corpus,

428 2442 519 2495 Morte
537 2442 595 2495 luet
613 2442 719 2495 merita
758 2439 823 2492 Fuit
841 2439 937 2507 ingens
956 2442 1049 2493 monte
1069 2438 1118 2492 sub
1137 2440 1192 2493 alto

428 2518 512 2585 Regis
531 2518 667 2571 Dercenni
686 2521 796 2571 terreno
813 2532 847 2569 ex
865 2532 966 2583 aggere
985 2515 1096 2569 bustum
1245 2530 1283 2570 eto

428 2594 546 2662 Antiqui
563 2594 716 2660 Laurentis,
735 2608 875 2662 opacaque
894 2592 955 2644 ilice
973 2595 1094 2657 tectum;

428 2670 483 2721 Hic
501 2669 554 2722 dea
571 2686 601 2722 se
618 2671 736 2737 primum
755 2668 852 2738 rapide
870 2667 1054 2736 pulcherrima
1071 2668 1132 2721 nisu

428 2743 508 2797 Sistit
526 2747 555 2797 et
574 2745 725 2797 Ammtem
743 2744 848 2798 tumulo
866 2742 1022 2810 speculatur
1040 2744 1075 2796 ab
1093 2743 1155 2797 alto.

429 2819 469 2872 Ut
486 2818 557 2872 vidit
574 2819 725 2885 fulgentem
743 2819 826 2871 armis
843 2835 876 2871 ac
893 2834 962 2871 vana
980 2821 1132 2872 tumentem
1141 2838 1148 2882 ;

429 2895 492 2962 Our,
511 2894 608 2962 inquit,
627 2894 751 2947 diversus
768 2892 849 2948 ahiel
866 2892 920 2946 huc
938 2892 1027 2961 dirige
1044 2909 1175 2961 gressum,
1247 2906 1284 2947 stt

430 2971 493 3024 Huc
510 2970 633 3040 periture
650 2969 719 3036 veni,
737 2969 828 3037 capias
845 2970 879 3022 ut
896 2967 980 3035 digna
998 2968 1127 3022 Camillae

430 3047 562 3102 Praemia
598 3045 674 3099 Tune
691 3045 775 3098 etiam
793 3043 857 3098 telis
875 3044 992 3097 moriere
1011 3044 1135 3098 Dianael

429 3122 515 3190 Dixit,
533 3124 562 3175 e't
579 3123 676 3174 aurata
693 3120 831 3174 volucrem
848 3118 977 3172 Threissa
993 3119 1122 3187 sagittam

430 3198 608 3267 Deprompsit
623 3197 761 3266 pharetra,
779 3211 917 3264 cornuque
935 3195 1040 3248 infensa
1057 3194 1184 3263 tetendit,

432 3274 467 3325 lit
485 3273 565 3326 duxit
583 3274 670 3342 longe,
690 3272 777 3326 donec
795 3274 908 3325 curvata
926 3271 1031 3325 coirent
1246 3283 1283 3322 eoo

431 3350 509 3402 lnter
527 3365 556 3402 se
574 3350 671 3417 capita,
689 3353 719 3403 et
735 3348 862 3402 manibus
879 3347 934 3400 iam
953 3350 1081 3414 tangeret
1100 3346 1201 3415 aequis,

431 3424 521 3477 Laeva
539 3423 624 3476 aciem
642 3423 715 3491 ferri,
734 3424 834 3478 dextra
850 3439 989 3491 nervoque
1007 3423 1144 3492 papillam.

431 3498 576 3567 Extemplo
594 3498 642 3552 teli
661 3498 810 3553 stridorem
826 3514 966 3568 aurasque
983 3498 1114 3552 sonantis

426 3575 527 3628 Audiit
545 3591 599 3628 una
617 3575 738 3645 Arruns,
755 3576 910 3648 haesitque
925 3576 960 3631 in
978 3588 1103 3643 corpore
1119 3570 1251 3620 senm-

415 3649 501 3703 Illum
514 3650 708 3722 exspirantem
722 3655 795 3711 socii
808 3658 904 3728 atque
917 3656 1062 3711 extrema.
1072 3640 1256 3714 gementem
1312 3626 1354 3661 W
