3467 4367
682 632 866 682 AENEIDOS
883 632 952 682 LIB.
973 632 1036 682 XII.
1236 639 1281 685 331

434 715 471 771 110
488 716 566 769 furiis
583 715 702 781 agitatus
720 730 795 766 amor
813 716 843 767 et
860 714 968 767 conscia
984 714 1079 768 virtus.

434 792 474 845 Ut
491 792 609 859 primum
627 789 763 841 discussae
781 788 895 841 umbrae
912 794 941 843 et
959 790 1006 842 lux
1023 791 1135 843 reddita
1150 791 1244 859 menti,

435 866 569 920 Ardentis
586 864 724 918 oculorum
742 865 817 917 orbis
834 865 870 917 ad
888 866 995 919 moenia
1011 868 1092 920 torsit
1248 880 1285 921 oso

433 942 579 1008 Turbidus,
598 956 668 1008 eque
686 940 754 994 rotis
771 957 898 1008 magnam
915 944 1037 1010 respexit
1054 944 1090 995 ad
1107 942 1211 997 urbem.

434 1018 504 1072 Ecce
521 1021 622 1082 autem,
640 1016 755 1069 flammis
772 1018 846 1072 inter
863 1018 987 1071 tabulata
1004 1018 1112 1072 volutus

435 1094 481 1146 Ad
498 1093 603 1146 eaelum
621 1091 743 1145 undabat
761 1098 858 1147 vertex
875 1094 1029 1163 turrimque
1047 1094 1168 1161 tenebat,

433 1169 548 1235 Turrim,
567 1168 714 1238 compactis
732 1169 857 1224 trabibus
875 1187 958 1239 quam
976 1170 1110 1225 eduxerat
1126 1171 1186 1239 ipse

432 1245 656 1315 Subdideratque
673 1248 748 1299 rotas
765 1246 912 1316 pontisque
929 1248 1092 1299 instraverat
1110 1246 1186 1300 altos.
1250 1258 1286 1298 00

433 1320 494 1374 Iam
511 1321 566 1376 iam
583 1321 649 1389 fata,
668 1337 744 1375 soror
761 1327 907 1392 superant;
924 1323 1027 1377 absiste
1044 1321 1160 1386 morari;

433 1396 492 1460 Quo
510 1398 579 1452 deus
597 1401 626 1453 et
644 1415 698 1468 quo
716 1398 786 1452 dura
802 1413 884 1454 vocat
901 1398 1032 1464 Fortuna,
1050 1412 1203 1466 sequamur.

432 1472 495 1527 Stat
506 1475 628 1529 conferre
640 1491 750 1527 manum
764 1477 883 1543 Aeneae,
896 1477 960 1542 stat,
972 1473 1108 1543 quidquid
1123 1471 1215 1526 acerbi
1233 1473 1282 1537 est,

432 1548 524 1604 Morte
540 1550 598 1619 pati
607 1570 614 1615 ;
631 1566 721 1619 neque
738 1568 782 1605 me
800 1551 965 1618 indecorem,
982 1565 1118 1618 germana,
1136 1546 1243 1602 videbis

433 1624 565 1693 Amplius.
603 1627 692 1692 Hunc,
704 1643 759 1695 oro,
771 1627 830 1680 sine
842 1641 887 1679 me
898 1626 991 1679 furere
1002 1628 1067 1679 ante
1078 1625 1205 1679 furorem.
1247 1636 1282 1675 osc

432 1699 518 1769 Dixit,
536 1705 567 1756 et
584 1720 600 1757 0
617 1719 700 1757 curru
716 1704 816 1759 saltum
835 1703 914 1757 dedit
931 1703 1005 1757 ocius
1023 1701 1102 1769 arvis,

432 1775 540 1846 Perque
556 1781 650 1849 bostis,
667 1796 717 1849 per
735 1781 791 1835 tela
808 1780 873 1846 ruit,
891 1782 1078 1847 maestamque
1095 1793 1216 1832 sororem

432 1851 550 1921 Deserit,
569 1873 600 1909 ao
617 1858 712 1925 rapido
730 1874 812 1911 cursu
830 1856 922 1910 media
939 1856 1047 1923 agmina
1064 1853 1174 1922 rumpit.

435 1929 475 1982 Ac
492 1931 577 1985 veluti
595 1934 694 1985 montis
712 1950 808 1986 saxum
826 1932 862 1985 de
880 1933 982 1986 vertice
999 1945 1131 1998 praeceps

432 2004 501 2058 (lum
518 2006 582 2072 ruit,
600 2008 721 2060 avolsum
739 2011 829 2074 vento,
847 2024 896 2060 seu
913 2005 1042 2060 turbidus
1056 2004 1145 2056 imber
1249 2015 1285 2053 oss

432 2078 545 2146 Proluit,
563 2083 612 2133 aut
629 2082 707 2134 annis
725 2082 805 2137 solvit
822 2082 952 2149 sublapsa
969 2082 1106 2142 vetustae

432 2155 534 2208 Fertur
551 2154 581 2208 in
597 2154 745 2223 abruptum
762 2172 859 2224 magno
878 2172 955 2208 mons
973 2152 1104 2221 inprobus
1121 2154 1191 2221 actu,

432 2231 613 2299 Exsultatque
631 2231 696 2298 solo,
715 2232 797 2285 silvas
815 2234 942 2284 armenta
959 2230 1087 2296 virosque

433 2307 576 2360 Involvens
594 2323 701 2361 secum:
721 2306 835 2360 disiecta
852 2322 902 2374 per
919 2305 1027 2373 agmina
1045 2305 1151 2357 Turnus

431 2382 475 2436 sie
493 2383 568 2437 urbis
586 2384 642 2436 ruit
659 2384 695 2435 ad
712 2398 812 2450 muros,
829 2382 878 2435 ubi
895 2381 1013 2449 plurima
1029 2380 1089 2433 fuso
1249 2395 1284 2433 000

432 2458 568 2526 Sanguine
586 2462 661 2512 terra
678 2460 779 2525 madet,
798 2458 974 2526 striduntque
990 2456 1136 2511 hastilibus
1153 2471 1251 2522 aurae3

432 2534 626 2603 Significatque
643 2551 732 2601 manu,
751 2538 780 2588 et
798 2550 896 2603 niagno
914 2533 992 2587 simul
1011 2532 1107 2601 incipit
1124 2548 1185 2588 ore:

433 2609 540 2663 Parcite
558 2612 619 2676 iarn,
633 2610 737 2679 Rutuli,
755 2613 784 2664 ct
802 2627 849 2664 vos
867 2610 923 2664 tela
940 2608 1070 2673 inhibete,
1090 2607 1197 2674 Latini3

432 2684 624 2753 Quaecumque
642 2690 686 2741 est
703 2686 833 2752 Fortuna,
852 2702 913 2738 mea
931 2689 989 2751 est;
1005 2702 1050 2739 me
1068 2684 1158 2737 verius
1174 2699 1259 2737 unum

435 2759 486 2812 Pro
504 2759 582 2814 vobis
598 2760 695 2814 foedus
712 2762 796 2827 luere,
816 2765 845 2814 et
863 2761 1011 2814 decernere
1027 2760 1109 2814 ferro.
1248 2771 1284 2812 oss

432 2835 589 2891 Discessere
605 2854 699 2891 omnes
717 2836 808 2904 medii,
827 2838 1003 2905 spatiumque
1020 2834 1130 2889 dedere.

467 2913 507 2967 At
524 2916 604 2981 pater
623 2914 739 2981 Aeneas,
756 2913 852 2966 audito
869 2911 978 2965 nomine
997 2909 1088 2977 Turni,

432 2989 542 3043 Deserit
559 2993 589 3044 et
606 3005 705 3056 muros,
723 2992 752 3043 et
770 3005 889 3042 summas
907 2987 1012 3042 deserit
1028 3003 1111 3054 00000,

433 3066 653 3135 Praecipitatque
671 3081 760 3118 moras
778 3064 872 3130 omnis,
891 3080 975 3133 opera
992 3062 1084 3116 omnia
1099 3061 1211 3130 rumpit,

432 3141 549 3197 Laetitia
567 3142 713 3210 exsultans,
731 3139 954 3207 horrendumque
971 3140 1078 3193 intonat
1095 3139 1190 3193 armis:
1247 3151 1285 3193 700

432 3217 555 3280 Quantus
573 3222 671 3287 Athos,
688 3222 737 3273 aut
755 3221 874 3287 quantus
893 3217 973 3284 Eryx,
992 3220 1041 3269 aut
1057 3216 1124 3284 ipse,
1141 3213 1260 3269 coruscis

432 3292 500 3346 Cum
517 3295 611 3350 fremit
626 3297 741 3364 ilicibus,
760 3298 887 3365 quantus,
905 3292 1063 3361 gaudetque
1080 3291 1163 3346 nivali

432 3369 544 3423 Vertice
562 3387 591 3424 se
608 3373 735 3426 attollens
752 3375 833 3441 pater
852 3369 1033 3439 Appenninus
1051 3368 1087 3422 ad
1105 3384 1191 3422 auras.

432 3443 491 3498 Iam
509 3462 573 3499 vero
590 3450 620 3500 et
639 3447 734 3500 Rutuli
751 3447 878 3501 certatim
897 3448 926 3499 et
945 3444 1027 3498 Troes
1045 3447 1074 3497 et
1091 3458 1184 3496 omnes

432 3520 598 3575 Convertere
615 3522 706 3575 oculos
725 3522 801 3593 ltali,
818 3523 924 3593 001000
941 3521 1002 3575 aaa
1015 3518 1162 3572 tondeant
1267 3520 1321 3602 *0οξ

422 3596 540 3665 Moenia,
561 3599 667 3668 quique
685 3599 759 3656 imos
775 3600 937 3672 pulsabant
955 3598 1054 3652 arieto
1067 3602 1186 3646 muros,

413 3670 562 3791 ArZaque
580 3676 749 3747 deposuere
766 3678 917 3737 humeris.
950 3673 1072 3741 stupet
1083 3668 1161 3730 'ipse
1168 3647 1316 3706 haume
