3467 4367
449 624 497 671 282
692 623 721 672 P.
734 622 887 671 VERGILI
904 622 1070 671 MARONIS

451 701 596 769 Fulgentis
613 701 701 771 clipei,
720 705 780 755 tum
798 701 905 755 laevum
923 702 1045 771 perforat
1061 702 1178 770 inguen3

450 777 588 832 Excussus
605 795 687 832 curru
705 777 885 832 moribundus
902 777 1021 831 volvitur
1038 779 1118 832 arvis.
1267 795 1304 835 teo

451 853 539 919 Quem
556 854 619 923 pius
637 854 748 907 Aeneas
766 852 848 907 dictis
865 854 977 907 adfatur
993 856 1106 909 amaris:

450 930 568 998 Lucage,
586 929 662 982 nulla
680 933 742 983 tuos
760 946 856 983 currus
873 930 939 998 fuga
957 930 1047 998 segnis
1065 947 1198 1000 equorum

450 1005 584 1074 Prodidit,
602 1008 651 1059 aut
667 1022 753 1059 vanae
770 1012 881 1060 vertere
899 1023 934 1059 ex
951 1006 1076 1060 hostibus
1094 1006 1224 1072 umbrae;

450 1083 515 1152 lpse
533 1082 602 1135 rotis
619 1083 720 1136 saliens
737 1082 802 1151 iuga
819 1082 933 1137 deseris.
970 1082 1105 1136 Haec‘ita
1123 1083 1197 1137 fatus

450 1158 577 1229 Arripuit
594 1158 717 1227 biiug0s3
740 1160 827 1213 frater
844 1159 978 1213 tendebat
996 1159 1109 1213 inermis
1265 1175 1303 1215 ωε

450 1234 551 1289 Infelix
568 1236 681 1305 palmas,
700 1253 782 1290 curru
800 1236 929 1304 delapsus
946 1235 1056 1290 eodem:
1287 1230 1296 1243 '

450 1310 505 1365 Per
521 1315 558 1377 te,
577 1328 627 1380 per
645 1312 692 1381 qui
710 1315 739 1366 te
756 1312 842 1370 talem
859 1327 980 1380 genuere
998 1314 1136 1379 parentes,

450 1386 503 1440 Vir
520 1388 642 1456 Troiane,
660 1388 719 1442 sine
736 1388 807 1441 hanc
825 1388 949 1454 animam,
963 1390 992 1441 ct
1007 1388 1138 1441 miserere
1153 1388 1301 1456 precantis

451 1462 580 1519 Pluribus
597 1465 685 1519 oranti
704 1465 827 1519 Aeneas:
853 1463 938 1517 Haud
954 1462 1144 1516 talia-dudum

450 1539 531 1595 Dicta
542 1540 634 1594 dabas.
669 1541 788 1607 Morere,
801 1544 830 1595 et
841 1540 956 1594 fratrem
968 1556 1004 1593 nc
1015 1540 1113 1593 desere
1124 1540 1220 1594 frater.
1263 1555 1302 1593 cco

450 1615 526 1683 lum,
543 1615 664 1670 latebras
681 1616 795 1683 animae,
812 1618 910 1685 pectus
927 1632 1058 1669 mucrone
1075 1614 1200 1671 recludit

449 1691 526 1745 Talia
542 1708 592 1760 per
609 1708 719 1760 campos
737 1691 839 1744 edebat
855 1692 953 1745 funera
971 1692 1069 1746 ductor

451 1766 613 1834 Dardanius,
632 1767 762 1821 torrentis
780 1783 868 1835 aquae
886 1767 929 1821 vel
947 1766 1066 1821 turbinis
1083 1768 1137 1823 atri

450 1842 528 1896 More
544 1842 645 1896 fruens.
680 1841 802 1896 Tandem
820 1847 968 1911 erumpunt
986 1846 1015 1898 et
1032 1851 1123 1898 castra
1138 1843 1301 1913 relinquunt

451 1918 584 1973 Ascanius
602 1935 670 1988 puer
688 1923 717 1974 et
735 1918 902 1987 nequiquam
920 1919 1031 1974 obsessa
1049 1921 1182 1975 iuventus.
1262 1936 1301 1977 ms

484 1996 616 2050 Iunonem
633 1996 740 2050 interca
756 1995 902 2063 compellat
921 1995 1048 2065 Iuppiter
1064 1996 1152 2051 ultro:

449 2070 474 2125 0
491 2088 621 2140 germana
638 2071 705 2126 mihi
723 2074 808 2140 atque
825 2070 923 2125 eadem
940 2072 1097 2139 gratissima
1114 2072 1239 2142 coniunx,

449 2144 490 2202 Ut
507 2146 611 2216 rebare,
630 2148 811 2202 Venus-nec
827 2151 858 2202 te
876 2148 1013 2202 sententia
1029 2148 1132 2203 fallit-

449 2223 578 2277 'l'roianas
596 2228 733 2279 sustentat
751 2240 825 2293 opes,
842 2240 898 2278 non
915 2224 1006 2278 vivida
1022 2224 1095 2279 bello

449 2299 556 2354 Dextra
573 2300 639 2353 viris
656 2301 817 2369 animusque
835 2302 912 2354 ferox
931 2300 1092 2370 patiensque
1109 2302 1211 2371 pericli.
1262 2318 1301 2358 cm

449 2376 500 2431 Cui
519 2377 589 2430 Iuno
607 2375 756 2430 submissa:
782 2376 862 2442 Quid,
881 2393 897 2429 o
914 2376 1095 2444 pulcherrime
1113 2379 1236 2447 coniunx,

449 2452 584 2507 Sollicitas
601 2468 711 2519 aegram
730 2454 759 2505 et
776 2455 826 2506 tua
842 2452 935 2507 tristia
952 2452 1027 2507 dicta
1044 2452 1205 2510 timenteml

448 2530 477 2583 si
495 2528 570 2595 mihi,
589 2544 658 2596 quac
673 2526 810 2596 quondam
825 2527 924 2593 fuerat,
942 2543 1081 2597 quamque
1097 2546 1158 2583 esse
1174 2530 1299 2597 decebat,

450 2603 500 2658 Vis
516 2604 545 2657 in
563 2618 656 2658 amore
673 2602 754 2670 foret,
772 2618 826 2655 non
844 2602 896 2657 hoc
913 2602 979 2656 mihi
997 2620 1116 2673 namque
1133 2622 1256 2674 negares,

449 2680 635 2749 Omnipotens,
654 2678 720 2747 quin
738 2682 768 2733 et
785 2694 894 2748 pugnae
913 2678 1066 2734 subducere
1085 2682 1212 2750 Turnum,
1262 2698 1300 2736 ers

449 2758 486 2811 Et
503 2756 600 2809 Dauno
617 2772 725 2825 possem
743 2754 906 2808 incolumem
924 2772 1033 2810 servare
1050 2757 1164 2826 parenti.

448 2833 474 2886 N
476 2850 528 2888 unc
545 2835 650 2903 pereat,
670 2831 836 2899 Teucrisque
853 2831 900 2899 pio
918 2830 967 2886 det
985 2832 1116 2901 sanguine
1132 2848 1245 2901 menas.

449 2909 501 2964 Ille
518 2913 611 2963 tamen
629 2911 724 2961 nostra
742 2906 855 2961 deducit
873 2907 978 2975 origiue
996 2925 1102 2975 nomeu,

449 2986 645 3054 Pilumnusque
663 2983 702 3037 illi
721 2986 837 3053 quartus
854 2985 949 3051 pater3
972 2987 1001 3038 et
1018 2987 1068 3037 tua
1084 2985 1160 3053 larga

448 3062 536 3131 Saepe
553 3078 635 3114 manu
653 3059 802 3129 multisque
821 3058 944 3113 oneravit
961 3059 1055 3113 limina
1073 3060 1157 3116 donis.
1262 3075 1300 3114 cao

448 3138 499 3191 Cui
517 3155 567 3191 rex
585 3136 699 3191 aetherii
717 3135 840 3191 breviter
857 3136 897 3189 sic
914 3135 987 3189 fatus
1006 3134 1127 3205 Olympi:

448 3214 477 3268 Si
495 3230 572 3267 mora
589 3212 740 3282 praesentis
758 3211 806 3266 leti
824 3216 987 3281 tempusque
1005 3211 1106 3266 caduco

449 3288 551 3343 Oratur
569 3290 666 3356 iuveni,
684 3304 784 3357 meque
801 3288 852 3342 hoc
869 3288 909 3341 ita
927 3305 1029 3356 ponere
1047 3288 1139 3355 sentis,

449 3365 523 3419 Tolle
541 3366 606 3433 fuga
623 3365 744 3417 Turnum
761 3369 846 3434 atque
863 3364 1029 3419 instantibus
1046 3366 1122 3493 eripe
1139 3362 1210 3417 satia

442 3441 589 3497 Hactenus
607 3440 754 3495 indulsisse
771 3443 857 3496 vacat.
894 3439 941 3493 Sin
960 3440 1067 3495 altior
1059 3443 1096 3493 isi
1096 3439 1120 3493 is
1262 3451 1301 3490 cas

424 3516 490 3575 Sub
502 3519 643 3590 precibus
663 3520 746 3578 venia
762 3519 823 3575 ulla
837 3517 921 3585 latet,
936 3520 1085 3585 totumque
1096 3514 1202 3567 moueri

408 3583 568 3656 Mutarim
582 3605 676 3672 putas
699 3601 825 3671 bollum,
843 3611 914 3669 spes
929 3594 1024 3686 pascis
1038 3590 1139 3645 inania

420 3668 441 3725 i
461 3675 545 3734 Iuno
563 3680 791 3744 adlacrimaus:
823 3672 955 3747 Quid,
936 3690 972 3743 ⁸1
990 3685 1066 3739 <iffi
1082 3678 1153 3717 W
1168 3669 1306 3723 granam,
