3467 4367
697 625 880 675 AENEIDOS
899 624 969 675 LIB.
988 624 1037 672 VI.
1245 626 1291 673 193

443 706 572 775 Quisquis
589 723 627 774 es,
646 712 767 761 armatus
785 705 839 775 quiv
851 711 946 760 nostra
963 704 1000 760 ad
1017 705 1130 759 flumina
1147 704 1246 774 tendis,

442 786 513 839 Fare
524 800 583 852 age,
596 782 664 852 quid
677 784 776 849 venias,
789 784 843 836 iam
855 784 943 848 istinc,
957 786 986 838 et
999 783 1148 851 comprime
1159 798 1291 850 gressum.

440 861 608 916 Umbrarum
620 860 663 913 hic
675 860 750 913 locus
762 863 812 927 est,
826 859 918 912 Somni
932 860 1082 926 Noctisque
1094 874 1222 927 soporac;
1256 872 1293 912 aso

441 939 562 1004 Corpora
580 936 641 989 viva
659 937 735 989 nefas
753 935 847 1003 Stygia
865 938 975 989 vectare
994 936 1091 990 carina.

400 1003 500 1067 ‘'Nec
518 1028 583 1066 vero
602 1010 719 1065 Alciden
737 1027 782 1064 me
800 1028 861 1064 sum
879 1011 997 1064 laetatus
1016 1014 1126 1065 euntem

440 1089 589 1157 Accepisse
607 1088 675 1155 lacu,
693 1104 743 1141 nec
762 1086 867 1140 Thesea
886 1086 1102 1155 Pirithoumque,

440 1165 491 1218 Dis
509 1181 674 1233 quamquam
691 1163 777 1230 geniti
796 1167 880 1230 atque
898 1162 991 1215 invicti
1010 1162 1112 1216 viribus
1130 1165 1230 1217 essent

440 1242 601 1295 Tartareum
618 1240 664 1293 ille
682 1256 764 1293 manu
782 1238 925 1293 custodem
943 1240 971 1291 iu
989 1239 1075 1292 vincla
1093 1239 1199 1308 petivit,
1257 1251 1293 1291 ³95

441 1319 533 1387 Ipsius
551 1334 567 1369 a
585 1317 652 1370 solio
670 1317 749 1383 regis,
767 1315 910 1384 traxitque
929 1319 1108 1380 trementem;

441 1394 481 1447 Hi
499 1393 636 1446 dominam
656 1393 728 1450 Ditis
746 1392 867 1445 thalamo
886 1390 1024 1444 deducere
1042 1390 1141 1445 adorti.

441 1471 517 1532 Quae
535 1473 631 1523 contra
648 1468 771 1521 breviter
788 1467 846 1521 fata
864 1471 908 1521 est
927 1466 1093 1535 Amphrysia
1110 1483 1127 1520 v
1145 1468 1202 1520 tes:

440 1547 540 1601 Nullae
558 1546 602 1598 hic
620 1545 735 1598 insidiae
752 1544 838 1610 tales3
856 1544 960 1598 absiste
978 1544 1097 1609 moveri;

440 1622 467 1675 Ν
469 1639 500 1676 ec
518 1622 572 1674 vim
590 1621 646 1675 tela
664 1621 853 1686 ferunt31ioet
871 1621 967 1689 ingens
985 1620 1085 1673 ianitor
1103 1621 1182 1673 antro
1256 1632 1293 1673 loo

441 1700 595 1753 Aeternum
612 1698 715 1751 latrans
734 1697 880 1765 exsanguis
898 1700 1003 1751 terreat
1021 1697 1140 1765 umbras,

441 1776 524 1830 Casta
541 1774 607 1828 licet
624 1775 716 1843 patrui
735 1777 826 1828 servet
845 1774 1011 1843 Proserpina
1028 1774 1118 1828 limen.

441 1851 537 1905 Troius
556 1852 672 1919 Aeneas,
689 1852 795 1920 pietate
812 1850 925 1918 insignis
943 1854 973 1903 ct
991 1850 1080 1918 armis,

404 1980 406 1984 .
441 1928 488 1981 Ad
506 1931 657 1996 genitorem
675 1928 744 1981 imas
762 1926 846 1980 Erebi
863 1926 1007 1981 descendit
1025 1927 1061 1981 ad
1078 1927 1196 1982 umbras·

440 2003 470 2058 Si
487 2008 516 2057 te
534 2003 609 2056 nulla
626 2007 719 2057 movet
738 2007 832 2056 tantae
850 2002 962 2070 pietatis
980 2003 1078 2070 imago,
1255 2016 1292 2055 los

441 2082 483 2133 At
500 2096 604 2132 ramum
623 2078 820 2146 hunc-aperit
837 2094 951 2144 ramum,
970 2079 1016 2145 qui
1034 2081 1111 2132 veste
1128 2078 1271 2134 latebat-

441 2156 609 2223 Adgnoscas.
647 2153 763 2206 Tumida
781 2170 815 2206 ex
832 2153 874 2205 ira
891 2156 951 2205 tum
969 2153 1054 2206 corda
1071 2154 1203 2207 residunt.

441 2231 500 2284 Nec
517 2229 597 2297 plura
613 2230 662 2281 his.
700 2228 751 2281 llle
770 2227 909 2280 admirans
927 2228 1083 2281 venerabile
1101 2228 1203 2283 donum

442 2305 545 2359 Fatalis
563 2304 664 2371 virgae,
682 2303 762 2370 longo
780 2306 842 2370 post
860 2304 987 2371 tempore
1005 2303 1099 2370 visum,

442 2380 601 2434 Caeruleam
619 2378 741 2432 advertit
758 2377 879 2447 puppim,
898 2378 1027 2447 ripaeque
1045 2381 1220 2449 propinquat.
1255 2395 1292 2435 410

442 2456 513 2510 Inde
531 2455 598 2508 alias
616 2454 725 2519 animas,
745 2469 817 2523 quae
834 2470 885 2522 per
902 2454 966 2523 iuga
983 2454 1065 2525 longa
1083 2456 1225 2526 sedebant,

440 2531 586 2599 Deturbat,
604 2531 733 2599 laxatque
744 2531 833 2593 f0r0s;
850 2531 930 2584 simul
949 2531 1047 2601 accipit
1065 2533 1141 2587 alveo

441 2608 587 2677 Ingentem
606 2609 728 2662 Aenean.
764 2607 876 2662 Gemuit
895 2607 945 2661 sub
963 2608 1085 2678 pondere
1103 2609 1199 2678 cymba

440 2685 541 2750 Sutilis,
559 2687 588 2738 et
606 2684 722 2736 multam
739 2683 845 2752 accepit
863 2684 964 2738 rimosa
981 2685 1117 2754 paludem.

440 2761 561 2815 Tandem
579 2764 656 2814 trans
674 2759 785 2814 fluvium
803 2760 944 2813 incolumis
963 2765 1108 2828 vatemque
1125 2768 1268 2831 virumque

441 2837 556 2891 Informi
575 2837 639 2890 limo
657 2836 807 2904 glaucaque
825 2836 938 2905 exponit
956 2837 985 2889 in
1002 2837 1072 2891 ulva.

475 2914 611 2969 Cerberus
628 2914 696 2966 haec
714 2913 809 2981 ingens
827 2914 931 2966 latratu
949 2929 1034 2980 regna
1052 2913 1160 2967 trifauci

441 2992 581 3056 Personat,
600 2989 715 3043 adverso
733 2988 866 3041 recubans
885 2989 1001 3041 inmanis
1018 2989 1045 3042 in
1062 2992 1149 3044 antro.

440 3067 490 3122 Cui
509 3070 592 3131 vates,
610 3066 723 3119 horrere
740 3065 836 3119 videns
853 3066 907 3118 iam
926 3066 994 3119 colla
1012 3065 1135 3131 colubria,

440 3143 523 3198 Melle
542 3146 697 3212 soporatam
715 3144 744 3195 et
762 3141 906 3195 medicatis
924 3141 1050 3209 frugibus
1068 3141 1148 3195 offam
1253 3158 1290 3197 420

441 3220 549 3273 Obiicit.
585 3220 638 3272 Ille
655 3220 727 3272 fame
745 3217 842 3271 rabida
859 3219 914 3271 tria
931 3220 1045 3285 guttura
1062 3218 1185 3286 pandens

441 3296 561 3364 Corripit
579 3296 720 3361 obiectam,
738 3298 823 3363 atque
840 3294 960 3347 inmania
977 3297 1056 3362 terga
1074 3294 1186 3350 resolvit

441 3372 529 3425 Fusus
547 3373 630 3437 humi,
648 3375 763 3439 totoque
780 3372 875 3439 ingens
894 3370 1053 3424 extenditur
1071 3373 1158 3424 antro.

440 3448 563 3516 Occupat
582 3449 691 3501 Aeneas
709 3447 815 3500 aditum
832 3446 948 3500 custode
966 3446 1085 3515 sepulto,

439 3522 593 3591 Evaditquc
610 3523 684 3577 celer
702 3522 792 3593 ripam
809 3522 1002 3580 inremeabilis
1016 3522 1128 3576 undae.
1283 3525 1326 3560 Ψ

465 3598 602 3652 Continuo
619 3600 738 3656 auditae
757 3620 843 3659 voces
859 3604 984 3675 vagitus
1001 3604 1036 3657 et
1051 3584 1163 3666 iuge&

415 3669 622 3745 Infamemque
642 3678 762 3737 animae
780 3680 896 3739 flentes
913 3682 948 3740 iu
963 3678 1078 3736 limine
1092 3669 1214 3744 priamo,
