3467 4367
471 644 519 691 200
706 644 736 692 P.
755 642 911 692 VERGILI
928 642 1096 692 MARONIS

471 722 615 779 Musaeum
632 730 698 781 ante
715 724 816 788 omnis3
839 723 960 777 medium
978 740 1042 777 narn
1059 723 1178 794 plurima
1194 725 1279 781 turba

472 799 554 854 Hunc
571 801 662 869 habet,
680 805 764 870 atque
781 800 902 853 humeris
919 802 1075 853 exstantem
1093 802 1206 870 suspicit
1224 803 1303 858 altis:
1339 844 1341 848 -

471 875 571 945 Dicite,
589 877 682 931 felices
701 877 816 942 animae,
834 880 928 944 tuque,
946 879 1059 946 optume
1076 881 1161 945 vates,

376 1013 381 1024 Ι
472 951 548 1016 Quae
561 954 637 1021 regio
652 953 798 1017 Anchisen,
812 953 872 1021 quis
885 952 970 1005 habet
982 953 1075 1007 loeusi
1093 952 1166 1006 illius
1176 970 1243 1023 ergo
1290 957 1336 1009 oro'

471 1028 604 1082 Venimus
622 1034 651 1083 et
669 1047 782 1097 magnos
801 1027 883 1082 Erebi
904 1029 1071 1082 tranavimus
1090 1030 1185 1085 amnis.

471 1107 567 1173 Atque
585 1106 648 1160 huic
666 1122 828 1175 responsum
847 1104 941 1173 paucis
960 1104 1001 1157 ita
1018 1104 1142 1159 reddidit
1159 1105 1254 1161 heros:

471 1182 547 1235 Nulli
565 1185 642 1236 certa
660 1182 772 1245 domus;
795 1181 864 1234 lucis
882 1179 1039 1233 habitamus
1058 1181 1155 1249 opacis,

471 1257 659 1328 Riparumque
676 1262 751 1312 toros
770 1261 800 1311 et
817 1261 899 1326 prata
917 1256 1037 1309 recentia
1055 1256 1121 1310 rivis

471 1334 624 1389 Incolimus.
661 1335 718 1389 Sed
736 1351 791 1401 ros,
810 1334 833 1386 si
851 1333 906 1386 fert
924 1333 964 1385 ita
981 1333 1063 1386 corde
1080 1332 1218 1399 voluntas,
1289 1348 1328 1389 675

472 1410 533 1463 Hoc
551 1414 679 1479 superate
697 1411 806 1479 iugum3
832 1413 861 1462 et
879 1408 950 1461 facili
970 1410 1023 1461 iam
1042 1409 1154 1462 tramite
1172 1408 1274 1463 sistam.

471 1486 556 1555 Dixit,
574 1491 604 1541 et
621 1491 686 1541 ante
705 1487 770 1540 tulit
787 1500 920 1553 gressum,
940 1500 1104 1553 camposque
1122 1485 1236 1538 nitentis

471 1561 596 1630 Desuper
613 1567 749 1626 ostentat;
773 1562 872 1615 dehinc
891 1576 996 1614 summa
1014 1560 1154 1613 cacumina
1171 1561 1306 1629 linquunt.

506 1640 547 1692 At
565 1642 644 1705 pater
663 1639 798 1692 Anchises
817 1637 927 1705 penitus
947 1635 1067 1689 convalle
1084 1636 1183 1689 virenti

471 1714 594 1768 Inclusas
612 1715 715 1767 animas
733 1729 918 1781 superumque
937 1711 972 1764 ad
991 1715 1082 1765 lumen
1100 1711 1187 1770 ituras
1289 1728 1328 1765 eso

471 1789 621 1843 Lustrabat
638 1790 730 1843 studio
748 1788 878 1856 recolens,
897 1804 1059 1857 omnemque
1078 1803 1188 1841 suorum

470 1866 554 1919 llorte
571 1865 732 1919 recensebat
751 1881 895 1918 nnmerum
915 1880 1046 1932 carosque
1064 1865 1187 1932 nepotes,

470 1940 595 2010 Fataque
613 1941 791 2010 fortunasque
812 1941 899 1994 virum
920 1957 1066 2008 moresque
1084 1955 1241 2008 manusque.

470 2016 553 2085 Isque
571 2016 618 2071 ubi
635 2018 795 2082 tendentem
815 2017 961 2071 adversum
980 2033 1030 2085 per
1047 2016 1172 2085 gramina
1188 2015 1259 2070 vidit

470 2094 590 2160 Aenean,
609 2094 705 2147 alacris
723 2094 827 2163 palmas
846 2098 979 2161 utrasque
998 2092 1126 2160 tetendit,
1286 2107 1325 2145 oss

469 2169 632 2240 Effusaequo
649 2171 726 2239 genis
744 2171 879 2237 lacrimae,
899 2173 929 2222 et
947 2185 998 2221 vox
1020 2168 1121 2222 excidit
1138 2151 1248 2305 oros&

468 2244 576 2299 Venisti
595 2247 714 2314 taudem,
734 2253 836 2314 tuaque
854 2248 1013 2314 exspectata
1030 2245 1137 2313 parent‘

470 2321 542 2375 Vicit
560 2323 613 2376 iter
632 2324 730 2377 durum
749 2323 863 2390 pietasl.
881 2322 962 2375 datur
982 2337 1030 2374 ora
1048 2320 1128 2387 tueri,

468 2397 549 2465 Nate,
566 2403 621 2464 tua,
641 2402 676 2451 ct·
688 2403 767 2451 notas
785 2398 881 2451 audire
901 2402 929 2451 et
948 2396 1065 2450 reddam
1085 2398 1181 2451 rooesl

468 2472 513 2526 sic
525 2469 659 2541 ¹equidem
677 2472 810 2526 ducebam
829 2473 918 2525 animo
938 2474 1075 2542 rebarque
1092 2473 1222 2541 futurum,
1288 2490 1326 2531 am

468 2549 601 2617 Tempora
619 2548 800 2616 dinumerans,
819 2566 869 2602 nec
888 2566 932 2603 me
952 2566 1013 2602 mea
1031 2565 1096 2609 cura
1114 2548 1215 2603 fefellit.

469 2626 542 2690 Quas
560 2640 611 2692 ego
629 2626 657 2677 te
675 2628 764 2678 terras
782 2628 811 2679 et
830 2629 933 2693 quanta
951 2641 1002 2694 per
1023 2641 1142 2694 aequora
1159 2628 1269 2679 vectum

469 2701 595 2769 Accipio!
621 2703 729 2769 quantis
749 2704 886 2767 iactatum,
906 2706 978 2769 nate,
996 2699 1118 2770 periclis!

469 2777 555 2841 Quam
574 2778 666 2846 metui,
684 2795 718 2831 nc
737 2778 805 2847 quid
824 2778 925 2846 Libyae
944 2777 996 2831 tibi
1015 2794 1101 2845 regna
1118 2780 1262 2832 nocerent!

469 2854 520 2907 llle
538 2858 644 2908 autem:
669 2854 727 2908 Tua
743 2873 795 2923 nie,
815 2855 930 2923 genitor,
951 2857 1000 2907 tua
1021 2854 1108 2907 tristis
1127 2854 1224 2921 imago,
1287 2870 1324 2909 aas

468 2930 581 3000 Saepius
599 2948 748 3000 occurrens,
767 2932 835 2985 haec
852 2932 947 2984 limina
967 2930 1083 2984 tendere
1101 2930 1210 2997 adegit;

467 3005 549 3061 Stant
567 3007 623 3061 sale
641 3007 780 3076 Tyrrheno
799 3009 904 3062 classes.
944 3008 988 3062 Da
1007 3008 1119 3075 iungere
1137 3007 1273 3074 dextram,

468 3082 517 3151 Da,
535 3084 650 3152 genitor,
669 3090 753 3154 teque
773 3086 900 3153 amplexu
920 3103 953 3138 ne
975 3083 1105 3137 subtrahe
1122 3086 1224 3137 nostro.

468 3158 512 3211 Sic
531 3177 684 3215 memorans
701 3163 777 3231 largo
796 3163 863 3215 fletu
883 3162 962 3215 simul
983 3178 1030 3213 ora
1048 3160 1163 3227 rigabat.

467 3234 521 3288 'l'er
538 3241 651 3291 conatus
668 3239 707 3292 ibi
725 3239 793 3292 collo
813 3238 880 3292 dare
899 3237 1026 3291 bracchia
1046 3237 1155 3304 circum,
1288 3250 1326 3290 roo

468 3312 521 3366 l'er
538 3313 641 3367 frustra
658 3331 808 3383 conprensa
826 3332 923 3367 manus
944 3314 1040 3381 effugit
1058 3313 1155 3381 imago,

468 3387 523 3441 Par
540 3389 645 3443 levibus
664 3391 752 3443 ventis
771 3390 929 3458 volucrique
950 3389 1085 3442 simillima
1104 3404 1204 3443 somno.

489 3465 607 3519 Interea
628 3465 707 3521 ridet
728 3467 837 3521 Aeneas
853 3466 884 3520 in
900 3466 972 3520 ualle
988 3467 1103 3520 reductu

435 3537 589 3597 Scelusum
611 3562 717 3603 nemus
736 3551 767 3604 et
787 3546 916 3618 virgulta
934 3542 1066 3599 sonantia
1081 3539 1165 3599 suria

419 3611 666 3698 Lethaeamque,
689 3627 800 3686 domos
820 3624 955 3701 placidas
975 3623 1026 3691 qui
1042 3614 1342 3688 praenetensium

361 3703 373 3798 p
404 3686 505 3751 Hunc
525 3702 643 3765 circum
667 3707 861 3770 innumerae
883 3707 998 3776 gentes
1013 3690 1176 3764 populique
1191 3678 1349 3739 *limis
1369 3709 1373 3716 ¹
