3467 4367
680 631 868 685 BUOOLIGA.
899 632 975 682 EOL.
1001 632 1051 683 lv,
1262 665 1267 672 ·
1289 633 1304 676 9

450 714 553 794 Ubera,
571 728 623 767 nec
639 726 753 778 magnos
770 715 897 766 metuent
915 714 1040 765 armenta
1057 711 1156 765 leones.

450 790 517 858 Ipsa
534 788 586 842 tibi
603 787 719 841 blandos
737 786 852 842 fundent
871 787 1005 842 cunabula
1022 787 1108 841 flores.

449 865 566 919 Occidet
583 867 613 918 et
630 880 750 931 serpens,
768 868 797 917 et
815 865 898 918 fallax
916 863 1001 918 herba
1020 864 1117 917 veneni

449 941 581 1006 Occidet;
604 939 748 1007 Assyrium
766 941 844 1007 volgo
862 943 990 994 nuscetur
1009 957 1152 994 amomum.
1281 957 1306 995 ac

450 1021 493 1072 At
510 1018 590 1071 simul
608 1015 722 1069 heroum
740 1017 835 1072 laudes
854 1022 883 1072 et
900 1018 973 1071 facta
990 1018 1112 1086 parentis

451 1094 512 1147 Iam
530 1093 622 1161 legere
640 1094 669 1145 et
688 1109 759 1160 quae
776 1093 812 1146 sit
829 1093 933 1161 poteris
953 1110 1114 1161 cognoscere
1131 1093 1226 1162 virtus,

449 1170 528 1240 Molli
545 1170 678 1238 paulatim
696 1169 824 1222 flavescet
843 1186 954 1238 campus
974 1170 1066 1237 arista,

450 1245 621 1314 Incultisque
639 1244 740 1299 rubens
757 1244 890 1313 pendebit
909 1245 1031 1299 sentibus
1048 1262 1108 1315 uva,
1297 1312 1300 1318 .

449 1322 487 1375 Et
504 1321 590 1376 durae
608 1338 725 1391 quercus
744 1321 882 1376 sudabunt
900 1321 1008 1375 roscida
1025 1321 1111 1376 mella
1280 1338 1305 1377 eo

450 1399 542 1453 Pauca
558 1402 652 1453 tamen
670 1399 803 1452 suberunt
821 1399 926 1466 priscae
945 1397 1060 1464 vestigia
1076 1398 1188 1466 fraudis,

449 1474 527 1537 Quae
545 1477 683 1544 temptare
702 1474 809 1528 Thetim
827 1475 942 1542 ratibus,
961 1486 1032 1544 quae
1051 1473 1159 1539 cingere
1176 1475 1262 1528 muris

447 1550 565 1619 Oppida,
585 1567 656 1621 quae
674 1549 786 1604 iubeant
803 1550 896 1603 telluri
914 1549 1049 1603 infindere
1067 1549 1160 1603 sulcos

448 1626 532 1679 Alter
549 1625 603 1680 erit
621 1629 681 1680 tum
700 1626 806 1695 Tiphys,
826 1629 855 1680 et
873 1626 960 1680 altera
979 1625 1150 1694 quaerebat
1168 1626 1245 1693 Argo

447 1702 578 1756 Delectos
595 1702 708 1769 heroas;
726 1706 807 1756 erunt
825 1703 909 1756 etiam
928 1702 1015 1757 altera
1032 1702 1112 1770 bella,
1279 1717 1303 1755 as
1369 1772 1372 1778 ,

448 1778 546 1846 Atque
563 1778 665 1832 iterum
684 1778 720 1832 ad
739 1778 847 1833 Troiam
864 1773 988 1847 magnus'
998 1777 1126 1833 mittetur
1145 1777 1273 1832 Achilles.

448 1853 531 1922 Hinc,
548 1853 596 1908 nbi
613 1855 668 1908 ism
686 1854 795 1908 firmata
811 1855 900 1909 virum
917 1859 947 1909 te
964 1855 1061 1909 iecerit
1080 1855 1163 1923 netas,

447 1928 538 1983 Cedet
556 1933 586 1985 et
603 1931 662 2000 ipse
679 1930 749 1984 mari
766 1934 867 2000 vector,
885 1948 936 1985 nec
953 1932 1063 1985 nautica
1080 1930 1159 1999 pinus

445 2004 570 2060 Mutabit
587 2023 705 2062 merces:
725 2006 812 2061 omnis
830 2007 902 2061 feret
920 2007 1009 2061 omnia
1025 2006 1114 2061 tellus.

446 2083 474 2137 N
476 2097 512 2135 on
529 2086 632 2136 rastros
649 2083 772 2152 patietur
789 2081 895 2151 humus,
912 2098 966 2136 non
985 2082 1064 2137 vinea
1081 2082 1192 2150 falcem,
1283 2100 1306 2134 ’.ο

446 2157 588 2212 Robustus
607 2174 715 2227 quoque
733 2158 787 2214 iam
805 2158 893 2211 tauris
910 2158 974 2226 iuga
992 2159 1079 2213 solvet
1096 2161 1202 2223 arator,

446 2234 506 2288 Nec
524 2234 613 2288 varios
632 2234 720 2288 discet
737 2234 849 2289 mentiri
867 2233 931 2288 lana
948 2234 1060 2301 colores,

446 2310 514 2379 Ipse
532 2310 627 2364 sedin
644 2310 732 2379 pratis
749 2310 821 2364 aries
838 2310 894 2363 iam
913 2326 995 2364 suave
1013 2309 1122 2364 rubenti

446 2386 561 2455 Murice,
578 2385 634 2440 iam
651 2402 746 2440 croceo
763 2385 884 2440 mutabit
902 2385 1004 2439 vellera
1020 2385 1094 2452 luto3

446 2461 551 2529 Sponte
569 2479 618 2515 sua
635 2462 740 2531 sandyx
758 2460 895 2531 pascentis
914 2462 1014 2516 vestiet
1031 2478 1121 2530 agnos.
1276 2475 1301 2515 45

445 2536 522 2590 Talia
540 2537 637 2606 saecla,
656 2538 712 2592 suis
730 2537 868 2607 dixenmt,
887 2537 998 2606 currite,
1015 2538 1083 2592 ihsis

445 2613 602 2668 Concordes
620 2614 850 2668 stabilissimum
867 2614 979 2668 numine
998 2615 1107 2668 Parcae.

446 2689 611 2757 Adgredere
629 2706 646 2743 o
663 2690 904 2759 magnos-aderit
921 2690 980 2745 iam
994 2690 1276 2759 tempus—honores,

445 2766 518 2820 (lara
535 2766 618 2820 deum
636 2766 752 2833 suboles,
770 2783 899 2836 magnum
919 2766 992 2819 Iovis
1011 2766 1222 2820 incrementum!

446 2842 549 2910 Aspice
567 2858 687 2897 convexo
705 2846 848 2897 nutantem
867 2841 990 2911 pondere
1008 2841 1147 2910 mundum,
1275 2857 1300 2895 5ο

445 2918 601 2988 Terraeque
620 2921 781 2987 tractusque
799 2918 883 2972 maris
902 2918 1062 2987 caelumque
1079 2917 1251 2986 profundum,

445 2995 555 3064 Aspice,
573 2998 689 3050 venturo
706 2995 845 3050 laetantur
862 2998 895 3049 ut
913 2994 1003 3048 omnia
1020 2994 1125 3049 saeclo!

446 3070 470 3123 Ο
490 3072 557 3124 mihi
576 3074 634 3125 tam
651 3070 748 3139 longae
766 3073 876 3125 maneat
894 3087 958 3141 pars
976 3070 1074 3125 ultima
1091 3070 1172 3138 vitae,

444 3146 564 3216 Spiritus
582 3150 619 3215 et,
637 3151 771 3217 quantum
790 3152 833 3202 sat
851 3149 906 3201 erit
923 3150 972 3201 tua
991 3147 1082 3200 dicere
1100 3146 1183 3201 iacta:

445 3224 508 3277 Non
527 3240 572 3278 me
589 3224 753 3279 carminibus
770 3224 862 3278 vincet
879 3240 929 3277 nec
948 3221 1078 3277 Thracius
1097 3221 1229 3290 Orpheus,
1274 3236 1299 3274 55

445 3299 472 3352 N
473 3316 505 3354 ec
517 3300 610 3369 Linus,
621 3300 685 3354 huic
696 3305 785 3355 mater
797 3300 921 3369 quamvis
933 3302 1018 3368 atque
1030 3298 1093 3352 huic
1107 3300 1187 3367 pater
1204 3296 1284 3363 adsit,

446 3373 550 3444 Orphei
569 3375 714 3446 Calliopea,
733 3377 802 3430 Lino
819 3376 954 3430 formosus
973 3374 1078 3444 Apollo.

446 3451 505 3505 Pan
522 3452 614 3518 etiam,
633 3452 754 3507 Arcadia
771 3469 879 3509 mecum
896 3452 920 3508 si
935 3450 1030 3507 iudice
1048 3452 1150 3519 certet,

443 3526 498 3578 Pan
517 3528 600 3580 etiam
620 3528 746 3585 Arcadia
764 3530 842 3589 dicat
859 3550 892 3589 se
909 3530 1006 3588 iudice
1024 3529 1147 3585 uictum.

428 3598 531 3668 Incipe,
547 3618 639 3670 parre
655 3601 740 3682 puer,
759 3611 823 3669 risu
841 3628 1024 3685 cognoscere
1043 3609 1195 3664 matrem.

415 3670 508 3728 Ml
522 3675 609 3748 ¹⁰¹¹&ss
627 3682 900 3753 decemtulenmt
917 3690 1052 3751 rusttmc
1069 3694 1220 3741 meuses,

1326 3598 1360 3637 Q
