3467 4367
486 651 518 699 64
723 650 751 698 Ρ.
770 650 925 699 VERGILI
941 652 1105 701 MARONIS

487 728 699 799 llxtremamque
717 732 803 799 sequi,
821 735 870 786 aut
887 732 979 787 medie
996 735 1177 802 procumbere
1194 750 1292 806 eampo

487 805 656 873 Pascentem
675 811 704 861 et
721 824 799 863 serae
816 810 902 863 solam
921 809 1056 863 decedere
1075 811 1155 877 nocti,

486 882 622 937 Continuo
640 884 748 953 culpam
766 885 844 939 ferre
857 902 1004 954 compesce,
1023 886 1100 956 prius
1118 904 1201 957 quam

486 957 555 1012 Dira
571 976 622 1028 per
637 961 777 1027 incautum
795 964 908 1029 serpant
925 962 1052 1031 contagia
1069 964 1170 1032 volgms.

486 1033 513 1089 N
514 1052 548 1088 en
560 1040 616 1089 tam
629 1036 726 1090 creber
737 1053 823 1105 agens
834 1036 954 1090 hiemem
966 1038 1023 1092 ruit
1034 1056 1154 1107 aequore
1166 1043 1258 1109 turbo,
1303 1041 1346 1098 aro

487 1111 575 1175 Quam
592 1112 695 1166 multae
711 1112 848 1181 pecudum
866 1117 967 1181 pastea
1005 1115 1031 1167 N
1033 1131 1063 1168 ec
1082 1115 1190 1184 singula
1207 1117 1298 1171 morbi

487 1187 608 1255 Corpora
624 1188 784 1257 corripiunt,
803 1188 852 1243 sed
870 1191 930 1244 tota
947 1190 1052 1243 aestiva
1069 1195 1192 1260 repente,

486 1262 624 1334 Spemque
649 1281 818 1334 gregemque
844 1265 932 1332 simul,
960 1270 1141 1335 cunctamque
1170 1267 1205 1321 ab
1235 1271 1344 1335 origine

553 1344 671 1409 gentem.

486 1416 554 1470 Tum
572 1417 647 1485 sciat,
666 1419 755 1474 aerias
773 1419 860 1487 Alpes
878 1421 908 1473 et
925 1418 1027 1472 Norica
1044 1420 1067 1473 si
1085 1420 1147 1489 quis
1193 1478 1198 1487 ,

486 1492 606 1547 Castella
623 1494 650 1547 in
669 1494 781 1549 tumulis
799 1497 828 1549 et
847 1494 959 1563 Iapydis
976 1512 1042 1549 arva
1060 1496 1165 1549 Timavi
1306 1514 1344 1554 ere

485 1568 511 1621 N
513 1586 565 1622 unc
578 1570 692 1639 'quoque
709 1574 773 1640 pest
790 1574 867 1624 tanto
885 1570 979 1625 videat
997 1571 1162 1640 desertaque
1180 1588 1268 1639 regna

486 1645 631 1699 Pastorum
650 1650 680 1700 et
696 1647 777 1715 longe
793 1646 880 1700 saltus
897 1646 1008 1716 lateque
1025 1648 1155 1705 vacantis.

521 1722 575 1775 Hic
593 1722 730 1791 quondam
747 1722 844 1776 morbo
861 1723 929 1776 caeli
947 1723 1103 1777 miseranda
1121 1728 1216 1778 coorta
1233 1728 1278 1781 est

485 1798 646 1867 Tempestas
663 1803 778 1867 totoque
795 1799 920 1853 autumni
937 1798 1081 1853 incanduit
1098 1803 1185 1867 aestu,

485 1874 522 1928 Et
533 1891 619 1943 genus
630 1891 711 1929 omne
722 1876 782 1929 neci
794 1874 929 1944 pecudum
942 1874 1030 1943 dedit,
1043 1891 1123 1929 omne
1135 1876 1264 1943 ferarum,
1304 1896 1342 1935 eso

485 1951 669 2020 Corrupitque
686 1951 769 2019 lacus,
787 1952 883 2006 infecit
900 1950 1002 2021 pabula
1018 1951 1091 2005 tabo.

485 2027 543 2081 Nec
560 2028 605 2082 via
622 2029 719 2082 mortis
736 2032 797 2083 erat
814 2028 945 2098 simplem
963 2027 1013 2081 sed
1030 2028 1078 2081 ubi
1096 2028 1177 2097 ignea
1193 2031 1271 2085 venis

484 2102 617 2157 Omnibus
634 2106 696 2159 a'cta
713 2104 773 2159 sitis
790 2104 905 2157 miseros
922 2103 1078 2158 adduxerat
1096 2108 1179 2172 artus,

485 2180 590 2233 ltursus
608 2160 767 2235 abundabat
784 2180 885 2234 fluidus
903 2180 994 2249 liquor
1012 2181 1157 2251 omniaque
1174 2182 1203 2235 in
1222 2200 1253 2237 se

483 2254 553 2307 Ossa
571 2257 726 2311 minutatim
744 2256 839 2310 morbo
857 2256 985 2324 conlapsa
1002 2255 1138 2310 trahebat.
1304 2276 1341 2313 sss

482 2335 572 2401 b'aepe
588 2333 616 2385 in
634 2333 736 2387 honere
754 2332 836 2387 deum
854 2331 945 2386 medio
964 2336 1040 2386 stans
1057 2331 1146 2386 hostin
1163 2335 1200 2387 ad
1217 2351 1303 2401 araur,

483 2408 576 2464 Lanea
594 2409 659 2463 dum
677 2409 757 2463 nivea
774 2408 960 2463 circumdatur
977 2408 1064 2462 infula
1081 2409 1159 2476 vitta,

483 2483 562 2540 Inter
579 2486 732 2539 cunctantis
749 2484 850 2538 cecidit
867 2484 1031 2537 moribunda
1047 2484 1195 2540 ministros.

483 2563 544 2616 Aut
561 2562 584 2616 si
603 2578 685 2631 quam
704 2561 775 2614 ferro
794 2564 962 2614 mactaverat
980 2563 1044 2615 mite
1062 2561 1198 2629 sacerdes,

389 2630 399 2650 ‘
484 2638 555 2692 Inde
572 2655 662 2707 neque
680 2637 805 2707 inpositis
822 2636 923 2691 ardent
940 2636 1037 2690 altaria
1054 2636 1138 2705 libris,
1303 2654 1341 2694 seo

482 2714 541 2769 Nec
558 2730 688 2783 responsa
705 2716 797 2783 petest
815 2713 954 2767 consultus
971 2713 1089 2767 reddere
1107 2718 1191 2783 vates,
1255 2723 1257 2727 ⁴

482 2791 526 2844 Ae
543 2793 588 2845 vix
607 2789 740 2859 suppositi
760 2789 923 2859 tinguuntur
941 2790 1071 2857 sanguine
1089 2789 1171 2844 cultri

482 2868 649 2937 Summaque
666 2867 757 2921 ieiuna
775 2866 849 2920 sanie
867 2865 1019 2919 infuscatur
1037 2882 1126 2921 arena

483 2944 556 2999 Hine
573 2944 654 2998 laetis
671 2944 750 2998 vituli
768 2943 847 3011 volgo
865 2942 1019 2995 moriuntur
1036 2942 1065 2995 in
1083 2942 1184 3012 herbis,

483 3021 520 3075 Et
537 3021 624 3075 dulcis
641 3020 746 3075 animas
763 3020 845 3088 plena
862 3018 900 3072 ad
917 3017 1059 3088 praesepia
1076 3018 1198 3074 reddunt
1207 3042 1214 3086 ;
1302 3038 1338 3077 ses

482 3098 554 3152 Hinc
572 3097 684 3152 canibus
701 3096 809 3151 blandis
826 3095 917 3149 rabies
935 3094 1017 3163 venit,
1035 3097 1065 3148 et
1083 3095 1172 3164 quatit
1190 3112 1289 3165 aegros

481 3174 574 3229 Tussis
592 3174 689 3228 anhela
707 3190 770 3227 sues
788 3190 820 3226 ae
838 3171 961 3226 faucibus
979 3171 1057 3238 angit
1075 3170 1172 3244 obesis.

481 3251 598 3305 Labitur
615 3251 708 3305 infelix
726 3249 882 3305 studiorum
900 3250 985 3317 atque
1003 3247 1136 3301 inmemor
1153 3246 1257 3303 herbae

481 3327 579 3382 Victor
596 3343 685 3396 equus
703 3326 841 3394 fontisque
859 3324 995 3378 avertitur
1013 3327 1042 3378 et
1059 3323 1131 3391 pede
1149 3328 1253 3379 terram

481 3404 585 3459 Crebra
602 3404 684 3468 ferit;
701 3402 837 3456 demissae
854 3417 942 3467 aures,
961 3388 1081 3454 incertus
1098 3399 1200 3453 ibidem
1298 3416 1337 3457 seo

459 3478 566 3546 ,Endon
586 3484 618 3533 et
634 3480 684 3533 ille
702 3478 816 3548 quidem
835 3476 979 3533 morituris
995 3476 1121 3545 trigidus,
1135 3479 1198 3529 aret

447 3547 542 3605 Pollis
558 3557 592 3607 ct
610 3555 649 3609 ad
670 3561 782 3613 tactum
801 3557 944 3615 tractanti
962 3556 1037 3612 dura
1051 3552 1170 3608 resistit

430 3618 522 3703 ῌεεο
536 3634 614 3685 ante
632 3636 764 3693 exitium
783 3638 890 3710 primis
911 3637 988 3693 dent
1007 3633 1094 3703 sigua
1111 3626 1233 3686 diebuet

413 3689 471 3746 ΒΨ
491 3700 523 3752 ῘΠ
541 3719 695 3773 Pwoesssu
715 3719 823 3791 coepit
844 3717 1033 3777 crudescere
1050 3706 1185 3767 morbum
