3467 4367
697 634 881 685 autumnos
897 633 968 683 LIB.
986 632 1038 684 lx.
1248 637 1295 683 259

447 723 606 792 Increpuit;
629 723 755 791 sequitur
772 723 881 792 clamor,
899 721 1059 792 caelumque
1076 723 1203 791 remugit.

446 799 614 853 Adcelerant
631 802 692 852 acta
709 801 814 869 paritor
831 800 972 853 testudine
990 799 1098 865 Volsci;
1259 814 1296 855 sos

446 876 482 929 Et
500 876 586 928 fossas
603 874 708 942 inplere
725 878 824 943 parant
841 891 874 928 ac
891 875 993 929 vellere
1011 875 1122 930 vallum.

445 951 587 1015 Quaerunt
603 967 668 1019 pars
685 950 799 1015 aditum,
818 954 847 1004 et
864 950 944 1005 scalis
961 950 1110 1019 ascendere
1126 965 1224 1015 muros

445 1026 505 1090 Qua
521 1043 584 1080 rara
599 1030 645 1087 ‘est
661 1026 733 1080 acies
750 1025 952 1094 interlucetque
970 1042 1070 1081 corona

445 1103 507 1155 Non
524 1105 584 1156 tam
601 1101 689 1170 spissa
705 1102 779 1156 viris.
815 1102 942 1156 Telorum
960 1102 1100 1157 effundere
1118 1106 1213 1157 contra

445 1179 533 1233 Omne
549 1196 636 1247 genus
655 1179 751 1233 Teucri
765 1195 801 1232 ac
819 1179 896 1232 duris
914 1178 1064 1233 detrudere
1081 1178 1176 1243 contis,
1257 1195 1294 1234 aro

446 1255 565 1309 Adsueti
582 1256 663 1324 longo
681 1271 774 1308 muros
791 1254 941 1308 defendere
959 1253 1040 1308 bello.

445 1329 516 1384 Saxa
533 1347 642 1400 quoque
659 1331 761 1384 infesto
778 1329 926 1384 volvebant
942 1328 1071 1399 pondere,
1090 1329 1112 1382 si
1131 1345 1186 1399 qua

446 1406 560 1460 Posscnt
577 1410 680 1460 tectam
697 1407 783 1459 aciem
801 1421 988 1474 perrumpere,
1005 1421 1066 1458 cum
1084 1408 1178 1458 tamur
1195 1407 1283 1460 omnis

445 1481 529 1535 Ferre
547 1482 623 1535 iuvat
641 1481 736 1535 subter
754 1481 840 1535 densa
856 1481 998 1537 testudine
1014 1496 1099 1535 casum

445 1557 502 1611 Nec
520 1557 573 1610 iam
592 1556 737 1611 sufficiunt.
770 1558 842 1610 Nam
860 1573 916 1626 qua
932 1554 1029 1624 globus
1045 1554 1171 1610 imminet
1187 1554 1291 1624 ingens,

445 1632 585 1685 lnmanem
603 1631 700 1686 Teucri
717 1633 817 1687 molem
834 1633 1001 1701 volvuntque
1018 1634 1165 1700 ruuntque,

443 1708 519 1771 Quae
537 1707 635 1774 stravit
653 1708 771 1763 Rutulos
788 1709 852 1775 late,
871 1707 1063 1776 armorumque
1081 1706 1194 1762 resolvit

442 1784 579 1853 Tegmina
614 1784 641 1837 N
643 1801 674 1838 ec
691 1788 788 1839 curant
805 1801 887 1839 caeco
904 1784 1071 1838 contendere
1089 1782 1180 1838 Marte

443 1860 570 1931 Amplius
587 1860 705 1915 audaces
724 1860 898 1928 Rutuli,‚sed
915 1859 1018 1930 pellere
1035 1858 1105 1914 vallo

441 1936 593 1990 Missilibus
611 1941 725 1991 certant.
1254 1950 1290 1990 ⁵2⁰

442 2012 525 2066 Parte
543 2012 597 2065 alia
614 2012 767 2066 horrendus
785 2014 845 2065 visu
863 2010 1013 2078 quassabat
1031 2011 1174 2064 Etruscam

442 2087 541 2139 Pinum
559 2090 589 2140 et
606 2087 748 2140 fumiferos
766 2088 850 2139 infert
868 2087 1023 2139 Mezentius
1040 2085 1127 2152 ignis;

443 2164 483 2214 At
501 2162 645 2229 Messapus
662 2178 764 2229 equum
782 2160 909 2227 domitor,
929 2160 1071 2228 Neptunia
1087 2159 1185 2227 proles,

442 2235 585 2295 Rescindit
602 2236 703 2289 vallum
721 2238 751 2290 et
768 2235 854 2289 scalas
871 2236 900 2287 in
917 2234 1025 2288 moenia
1042 2234 1137 2302 poscit.

477 2310 541 2379 Vos,
559 2327 576 2364 o
595 2311 724 2379 Calliope,
744 2327 850 2379 precor,
868 2311 1009 2378 adspirate
1026 2310 1142 2375 canenti,
1252 2326 1288 2365 sas

442 2388 516 2451 Quas
533 2386 572 2439 ibi
590 2388 651 2440 tum
668 2386 742 2441 ferro
761 2390 876 2453 strages,
895 2401 965 2454 quae
983 2386 1079 2439 lunera
1097 2385 1203 2439 Turnus

441 2462 577 2530 Ediderit
597 2478 679 2531 quem
697 2462 812 2531 quisque
830 2462 920 2514 virum
938 2460 1081 2515 demiserit
1099 2460 1186 2527 Orco;

441 2539 478 2592 ut
497 2555 602 2591 mecum
620 2538 738 2606 ingentis
755 2555 817 2592 oras
835 2537 953 2592 evolvite
970 2536 1043 2590 belli.

440 2614 489 2683 [Et
506 2614 668 2668 meministis
686 2614 766 2682 enim,
784 2614 872 2680 divae,
891 2616 920 2667 et
936 2629 1089 2667 memorare
1106 2612 1242 2681 potestis]

475 2690 569 2745 Turris
587 2694 647 2743 erat
659 2694 737 2744 vasto
755 2695 884 2759 suspectu
902 2693 931 2743 et
948 2688 1077 2758 pontibus
1095 2688 1164 2754 altis,
1253 2705 1289 2744 sao

440 2768 603 2836 Opportuna
619 2766 693 2831 loco;
718 2767 831 2820 summis
848 2783 932 2835 quam
950 2763 1054 2819 viribus
1072 2781 1165 2820 omnes

440 2844 605 2911 Expugnare
625 2842 690 2896 ltali
708 2858 868 2910 summaque
886 2844 1012 2895 evertere
1030 2856 1112 2909 opum
1129 2840 1157 2894 vi

426 2920 597 2985 ·0ertabant,
615 2918 699 2971 Troes
716 2920 811 2972 contra
828 2916 979 2970 defendere
996 2915 1069 2968 saxis

441 2996 547 3064 Perque
565 3011 644 3048 cavas
663 2993 740 3047 densi
759 2993 815 3047 tela
831 2992 990 3060 intorquere
1007 2991 1149 3045 fenestras.

439 3071 570 3139 Princeps
588 3070 732 3123 ardentem
750 3068 865 3122 coniecit
883 3066 1010 3135 lampada
1028 3066 1141 3134 Turnus,
1253 3083 1289 3123 sss

439 3146 475 3199 Et
492 3146 628 3199 flammam
646 3144 743 3198 adfixit
761 3143 856 3208 lateri;
879 3158 951 3211 quae
968 3141 1086 3210 plurima
1102 3145 1185 3198 vento

440 3222 578 3289 Corripuit
596 3221 706 3275 tabulas
724 3223 754 3274 et
771 3218 897 3288 postibus
914 3217 1004 3272 haesit
1021 3216 1120 3270 adesis.

439 3296 552 3350 Turbati
570 3298 710 3366 trepidare
728 3296 809 3362 intus,
827 3296 984 3363 frustraque
1001 3293 1135 3352 malorum

439 3370 519 3424 Velle
537 3371 638 3439 lugam.
674 3373 748 3426 Dum
766 3390 796 3427 se
814 3372 976 3440 glomerant,
995 3372 1132 3437 retroque·
1142 3370 1270 3427 residunt

439 3445 473 3498 In
491 3450 606 3514 partem,
624 3464 695 3515 quae
713 3451 792 3515 peste
808 3450 891 3512 caret,
911 3450 970 3500 tum
988 3444 1112 3513 pondere
1129 3446 1223 3497 turris
1254 3463 1300 3496 aaa

438 3521 588 3576 Procubuit
605 3521 705 3590 subito,
724 3527 754 3580 et
771 3524 884 3579 caelum
897 3525 983 3577 leuat
1000 3535 1088 3572 omne
1101 3518 1235 3577 iaanenu.
1296 3518 1298 3523 ·

428 3596 588 3652 Semineces
606 3599 646 3653 ad
664 3602 785 3670 terram,
801 3600 915 3657 inmani
929 3597 1011 3652 mole
1029 3593 1149 3649 secutus

421 3672 591 3790 Contigiique
610 3680 672 3734 suis
692 3680 763 3735 telis
784 3673 1071 3753 samosataeum
