3467 4367
679 639 861 689 assumes
879 639 948 702 um.
966 638 1032 690 vn.
1232 637 1277 690 nr

430 722 507 776 Haec
525 721 594 775 adeo
612 720 664 775 tibi
682 737 733 787 me,
752 720 858 788 placida
876 736 938 774 eum
956 723 1037 774 noete
1054 720 1164 789 iaceres,

430 798 495 866 Ipsa
512 798 603 866 palam
619 797 671 849 fari
688 795 858 865 omnipotens
876 796 1005 850 Saturnia
1021 795 1107 851 iussit.

430 874 520 939 Quare
537 889 595 940 age,
615 877 644 925 et
661 872 760 925 armari
779 872 879 939 pubem
898 873 1041 940 portisque
1060 871 1161 926 moveri

429 949 530 1003 Laetus
547 949 576 1001 in
593 964 669 1001 arma
686 964 758 1015 para
776 951 806 1000 et
824 947 963 1016 Phrygios,
982 949 1028 1016 qui
1044 948 1154 1002 flumine
1168 947 1281 1017 pulchro

429 1024 592 1091 Consedere,
612 1023 696 1076 duces
714 1024 855 1092 pictasque
874 1040 959 1077 exure
977 1026 1090 1081 carinas.

424 1100 585 1154 ¹Caelestum
602 1100 643 1153 vis
661 1115 760 1166 magna
776 1099 859 1154 iubet.
897 1100 958 1154 Rex
976 1100 1035 1169 ipse
1053 1102 1173 1170 Latinus,

430 1176 467 1229 Ni
485 1177 550 1229 darc
568 1176 723 1243 coniugium
741 1180 771 1229 et
789 1176 862 1229 dicto
879 1194 977 1245 parere
995 1177 1105 1244 fatetur,

430 1252 542 1319 Sentiat,
562 1257 591 1305 et
609 1252 721 1305 taudem
741 1252 861 1305 Turnum
880 1253 1038 1321 experiatur
1055 1252 1084 1305 in
1101 1254 1192 1305 armis,

465 1328 518 1381 Hic
536 1329 649 1396 iuvenis,
668 1332 759 1382 vatem
778 1329 907 1396 inridens,
926 1330 963 1382 sic
981 1346 1044 1382 orsa
1061 1329 1176 1382 vicissim
1245 1341 1283 1381 43⁵

430 1404 485 1458 Ore
503 1406 601 1458 refert:
620 1406 721 1459 Classis
739 1406 859 1459 invectas
878 1404 1021 1473 Thybridis
1038 1404 1139 1457 undam

430 1480 456 1532 N
458 1497 499 1546 en,
518 1484 551 1533 ut
568 1497 636 1546 rere,
655 1498 730 1533 meas
748 1482 843 1549 effugit
860 1481 971 1534 nuntius
989 1480 1076 1545 auris;

430 1555 455 1607 N
458 1573 473 1609 e
490 1560 582 1609 tantos
599 1556 665 1608 mihi
683 1556 755 1623 finge
772 1560 868 1610 metus.
905 1556 931 1609 N
933 1572 964 1610 ec
981 1555 1058 1622 regia
1075 1554 1145 1609 Iuno

432 1632 569 1685 Inmemor
587 1636 630 1686 est
647 1632 749 1697 nostri;
942 1659 945 1664 ⁴

431 1707 487 1762 Sed
505 1712 533 1761 te
551 1710 621 1761 victa
639 1710 694 1761 situ
711 1708 822 1776 verique
840 1708 921 1762 effeta
939 1711 1072 1776 senectus,
1247 1718 1284 1759 440

432 1784 455 1835 Ο
474 1788 569 1851 mater,
588 1784 661 1838 curis
679 1785 845 1852 nequiquam
863 1788 981 1851 exercet,
1000 1788 1029 1838 ct
1046 1792 1132 1838 arma

434 1860 539 1927 Regum
557 1862 630 1914 inter
648 1860 715 1913 falsu
732 1864 824 1913 vatem
842 1860 986 1913 formidine
1004 1859 1082 1914 ludit.
1189 1919 1191 1923 ,

433 1936 504 1988 Cura
521 1936 579 2002 tibi,
599 1936 689 1989 divom
709 1936 812 2003 effigies
829 1940 859 1990 et
877 1936 980 2003 templa
997 1936 1076 2003 tueri,

433 2011 510 2063 Bella
527 2011 578 2063 viri
596 2028 746 2079 pacemque
763 2016 866 2078 gerant,
886 2012 947 2080 quis
965 2010 1037 2063 bella
1053 2011 1181 2079 gerenda

467 2086 576 2139 Talibus
596 2087 704 2139 Allecto
723 2086 804 2139 dictis
823 2087 926 2139 exarsit
943 2087 970 2138 in
987 2088 1048 2140 iras.
1247 2098 1284 2138 lle

435 2163 474 2214 At
491 2162 581 2214 iuveni
599 2161 687 2214 oranti
706 2160 810 2214 subitus
828 2165 931 2214 tremor
949 2166 1062 2228 occupat
1080 2164 1169 2226 artus;

434 2235 584 2301 Deriguere
603 2236 686 2290 nemi:
705 2239 748 2289 tot
766 2236 862 2303 Erinys
881 2237 972 2289 sibilat
990 2235 1089 2304 hydris,

434 2311 574 2378 Tantaque
592 2329 621 2364 se
638 2312 720 2364 facies
737 2312 840 2379 aperit3
857 2314 916 2363 tum
934 2311 1058 2365 flammea
1076 2316 1208 2379 torquens

434 2387 547 2439 Lumina
565 2390 737 2439 cunctantem
755 2389 785 2439 et
803 2392 980 2455 quaerentem
998 2387 1088 2442 dicere
1105 2387 1184 2456 plura

435 2463 571 2531 Reppulit,
593 2466 622 2516 et
640 2463 763 2530 geminos
782 2465 871 2517 erexit
888 2464 1007 2517 crinibus
1025 2465 1128 2533 anguis,
1204 2493 1206 2497 ν
1247 2476 1285 2517 4⁵0

435 2539 613 2607 Verberaque
630 2539 757 2607 insenuit,
775 2539 925 2608 rabidoque
942 2540 1009 2595 haee
1026 2540 1134 2595 addidit
1150 2556 1211 2597 ore:

434 2616 475 2667 lin
494 2632 544 2683 ego
562 2615 634 2668 victa
651 2615 713 2683 situ,
731 2632 813 2683 quam
831 2617 889 2670 veri
907 2617 988 2671 effeta
1006 2621 1131 2671 senectus

435 2694 521 2745 Arma
538 2692 611 2744 inter
629 2708 724 2759 regum
742 2692 810 2755 falsa
827 2693 971 2747 formidine
989 2693 1074 2759 ludit3

435 2768 550 2835 Respice
568 2769 604 2820 ad
622 2767 701 2821 haec:
719 2768 815 2822 adsum
833 2768 954 2821 dirarum
972 2769 1007 2822 ab
1024 2769 1090 2823 sede
1108 2784 1244 2833 sororum;

435 2844 513 2897 Bella
530 2862 612 2896 manu
630 2844 771 2912 letumque
787 2862 861 2912 gere.
1249 2859 1285 2899 let

435 2920 479 2972 Sic
497 2920 578 2973 effata
594 2920 682 2973 facem
700 2921 790 2974 iuveni
808 2921 930 2987 coniecit,
949 2924 978 2975 et
995 2923 1055 2974 atro

434 2996 548 3048 Lumine
566 2997 696 3049 fumantis
714 2997 776 3050 fixit
794 2996 844 3050 sub
862 3000 974 3065 pectore
991 2996 1094 3050 taedas.

435 3072 488 3125 Olli
507 3089 629 3125 somnum
648 3072 743 3140 ingens
761 3073 864 3141 rumpit
882 3088 973 3140 pavor,
991 3087 1106 3139 ossaque
1123 3073 1153 3126 et
1169 3074 1246 3127 artus

435 3147 561 3202 Perfudit
578 3152 638 3202 tete
655 3153 803 3217 proruptus
821 3158 934 3217 corpore
953 3149 1042 3203 sudor.
1074 3203 1077 3207 ,
1156 3166 1158 3171 ·

436 3224 522 3277 Arma
539 3241 631 3279 amens
649 3225 748 3292 fremit,
766 3242 841 3277 arma
858 3228 918 3278 tero
936 3225 1072 3292 tectisque
1089 3225 1221 3293 requirit;
1249 3240 1285 3279 lan

435 3298 527 3352 Saevit
545 3316 620 3352 amor
638 3301 703 3354 fcrri
721 3305 749 3355 et
767 3301 900 3355 scelerata
918 3301 1023 3354 insania
1039 3300 1112 3369 belli,

436 3374 483 3427 Ira
502 3391 597 3442 super:
616 3393 713 3443 magno
731 3378 815 3431 veluti
833 3393 895 3431 cum
914 3377 1023 3431 flamma
1040 3393 1135 3432 sonore

435 3449 538 3517 Virgea
556 3452 711 3517 suggeritur
728 3454 810 3506 costis
828 3453 958 3507 undantis
976 3454 1049 3520 aeni,
1151 3513 1152 3516 ,

436 3525 634 3593 Exsultantquc
651 3531 730 3583 aestu
747 3529 865 3597 latices3
880 3530 955 3585 lurit
971 3531 1056 3584 intus
1071 3524 1163 3593 uum

424 3600 560 3653 Fumidus
577 3605 665 3672 atque
684 3606 742 3662 alte
763 3608 875 3679 spumis
895 3607 1047 3664 exuberat·
1063 3598 1184 3654 amma,
1244 3635 1247 3639 ·

414 3672 476 3727 Nee
491 3676 547 3730 iam
566 3694 601 3733 se
619 3683 699 3752 capit
716 3685 819 3752 unda·,
836 3686 925 3741 uelat
942 3698 1040 3751 uanus
1060 3680 1131 3730 aba*
1151 3664 1200 3718 ὠ
1213 3658 1322 3708 *W*
