3467 4367
473 629 520 678 150
710 625 740 675 Ρ.
760 624 913 673 VERGILI
933 624 1098 673 MARONIs

471 704 510 760 m
527 704 625 760 mediis
641 720 774 773 properas
791 702 962 771 aquilonibus
979 704 1020 757 ire
1037 720 1088 772 per
1105 703 1199 771 altum,
1295 720 1333 767 313

473 780 616 835 Grudelisl
644 779 734 844 Quidr
756 780 779 832 si
797 796 850 832 non
868 795 935 832 arva
952 780 1041 833 aliena
1059 778 1211 848 domosque

473 856 588 925 ignotas
605 860 723 925 peteres,
742 858 772 909 et
790 855 871 908 'l'roia
889 856 1002 924 antiqua
1019 858 1151 921 maneret,
1346 925 1348 930 Α

473 932 554 986 'froia
571 950 621 1002 per
638 932 772 986 undosum
790 935 935 1001 peteretur
952 932 1082 986 classibus
1096 933 1221 1000 'aequori
1236 944 1254 1004 ‚⁷
1266 929 1282 996 '5
1293 931 1304 964 '³

473 1008 555 1061 Mene
568 1008 657 1077 fugis?
671 1009 726 1062 Per
737 1024 789 1075 ego
800 1008 850 1062 has
859 1005 984 1062 lacrimas
993 1007 1174 1076 dextramque
1184 1005 1335 1064 1331313-

473 1083 589 1149 Quando
600 1083 675 1138 aliud
687 1084 754 1137 mihi
765 1084 820 1138 iam
833 1084 948 1138 miserae
960 1084 1027 1138 nihil
1039 1085 1099 1153 ipsa
1110 1084 1247 1153 reliqui—
1297 1100 1335 1140 313

474 1158 528 1214 Per
545 1160 679 1214 eounuln'a
696 1165 797 1227 nostra,
815 1177 867 1229 per
884 1161 1009 1229 inceptos
1025 1160 1196 1229 hymenaeos,

473 1235 504 1290 Si
521 1235 591 1290 bene
610 1235 677 1304 quid
695 1235 731 1291 de
748 1240 778 1290 te
796 1237 892 1304 merui,
910 1236 963 1290 fuit
980 1240 1028 1291 aut
1045 1229 1097 1291 tibi
1116 1237 1264 1306 quicquam

474 1312 560 1367 Dulce
578 1329 677 1380 mcum,
695 1313 827 1367 miserere
846 1313 943 1366 domus
961 1312 1078 1367 labentis
1095 1316 1126 1367 et
1142 1313 1232 1380 istam,

473 1388 536 1453 Oro,
554 1389 577 1442 si
596 1390 657 1458 quis
674 1389 765 1443 adhue
782 1388 909 1458 precibus
926 1389 1007 1456 locus,
1025 1405 1095 1443 exue
1112 1392 1244 1442 mentem.

474 1464 513 1519 'le
529 1468 643 1533 propter
660 1464 778 1533 Libycae
795 1468 893 1533 gentes
911 1464 1121 1533 Nomadumque
1138 1465 1248 1534 tyranni
1296 1478 1334 1520 333

474 1540 574 1608 Odere,
592 1541 689 1595 infensi
708 1541 797 1610 Tyrii3
816 1544 846 1595 te
862 1543 976 1609 propter
994 1541 1111 1594 eundem

474 1616 632 1671 Exstinctus
650 1617 739 1686 pudor
755 1619 793 1685 et,
813 1634 867 1686 qua
884 1617 942 1670 sola
959 1616 1049 1670 sidera
1066 1616 1183 1683 adibam,

475 1692 561 1746 Fama
578 1694 659 1759 prior.
696 1692 746 1747 Oui
763 1709 809 1746 me
825 1692 1017 1746 moribundam
1035 1692 1146 1759 deseris,
1163 1692 1281 1762 hospesl

475 1770 538 1823 Hoc
555 1770 642 1823 solum
659 1785 758 1823 nomeu
776 1770 904 1839 quoniam
922 1769 958 1824 de
975 1770 1088 1837 coniuge
1104 1771 1201 1823 restat.

475 1846 549 1912 Quid
558 1847 667 1900 mororl
678 1861 714 1899 an
726 1862 788 1900 mea
800 1845 957 1915 Pygmalion
971 1845 1037 1899 dum
1049 1844 1157 1899 moenia
1166 1846 1255 1899 irater
1299 1860 1336 1900 ³25

476 1922 617 1990 Destruet,
635 1926 684 1976 aut
701 1927 810 1991 captam
829 1923 912 1976 ducat
930 1922 1063 1977 Gaetulus
1081 1921 1195 1975 larbasi

475 1998 579 2053 Saltem
598 1998 620 2052 si
639 2014 694 2067 qua
710 1997 778 2051 mihi
796 1999 832 2051 de
849 2002 880 2052 te
897 2002 1024 2067 suscepta
1041 1998 1141 2052 luisset

476 2076 552 2129 Ante
571 2076 664 2143 fugam
682 2072 799 2142 suboles,
816 2074 840 2127 si
858 2076 920 2144 quis
938 2075 1004 2142 mihi
1021 2074 1150 2144 parvulus
1167 2074 1231 2129 aula

476 2150 600 2205 Luderet
619 2153 737 2221 Aeneas,
755 2151 802 2221 qui
820 2154 849 2205 te
868 2155 960 2205 tamen
979 2167 1027 2205 ore
1044 2151 1170 2218 referret,

475 2228 537 2282 Non
556 2228 684 2297 equidem
702 2229 811 2283 omnino
828 2231 909 2297 capta
926 2244 958 2281 ao
975 2226 1220 2281 deserta'viderer.
1232 2281 1263 2316 l
1298 2239 1335 2280 333

511 2304 634 2359 Dixerat.
671 2304 724 2359 1113
742 2305 816 2359 lovis
832 2304 944 2358 monitis
961 2303 1064 2357 inmota
1080 2302 1196 2357 tenebat

477 2380 599 2447 Lumina,
618 2384 648 2437 et
665 2381 782 2435 obnixus
798 2396 892 2434 curam
910 2380 960 2433 sub
977 2378 1061 2433 corde
1077 2379 1229 2448 premebat.

477 2456 598 2509 'landem
615 2473 703 2524 pauca
719 2457 818 2510 refert:
838 2457 897 2523 Ego
914 2447 956 2521 te]
970 2471 1041 2525 quae
1057 2455 1174 2523 plurima
1190 2454 1274 2509 fando

478 2532 645 2584 Enumerare
662 2531 743 2593 vales,
761 2547 915 2598 numquam,
935 2530 1049 2599 Regina,
1067 2530 1174 2599 negabo

479 2607 674 2670 Promeritam'3
693 2622 743 2659 nec
760 2622 804 2658 me
822 2607 977 2660 meminisse
994 2606 1101 2675 pigebit
1118 2607 1230 2677 Elissae,
1300 2622 1336 2661 333

478 2682 551 2736 Dum
568 2697 673 2735 memor
689 2681 747 2750 ipse
765 2681 827 2749 mei,
846 2682 912 2736 dum
931 2684 1043 2752 spiritus
1060 2683 1110 2737 hos
1127 2684 1201 2752 regit
1217 2688 1302 2739 artus.

479 2758 533 2811 Pro
542 2774 579 2838 re
582 2757 781 2825 paucaloquar
816 2759 916 2828 Neque
924 2776 975 2828 ogo
984 2759 1054 2815 haue
1063 2760 1229 2814 abscondere
1237 2760 1313 2814 furto

479 2832 601 2902 Speravi,
618 2849 653 2887 ue
671 2834 751 2902 linge,
768 2835 870 2903 fugam,
888 2851 938 2889 nec
955 2835 1076 2904 cerriugis
1093 2852 1224 2905 umquam

480 2910 629 2963 Praebendi
645 2910 743 2965 taedas
760 2914 808 2965 aut
825 2911 893 2966 haec
911 2912 939 2965 in
956 2911 1069 2966 foedera
1085 2911 1157 2967 veni.

479 2986 526 3040 Me
544 2986 567 3040 si
585 2986 642 3040 fata
658 2987 727 3041 meis
744 2990 907 3055 paterentur
925 2989 1026 3042 ducere
1044 2977 1165 3042 vitam‘
1301 2999 1337 3040 333

480 3063 618 3131 Auspiciis
636 3068 665 3116 et
683 3066 779 3131 sponte
797 3080 860 3118 mea
877 3080 1031 3133 conponere
1048 3080 1134 3130 curas,

479 3137 585 3192 Urbem
605 3140 748 3192 Troianam
765 3140 883 3208 primum
902 3140 1044 3209 dulcisque
1060 3156 1184 3194 meorum

480 3214 622 3283 Reliquias
639 3215 765 3283 colerem,
783 3216 886 3270 Priami
904 3219 978 3270 tecta
995 3217 1052 3271 alta
1068 3220 1220 3283 manerent,

480 3291 518 3345 Et
534 3291 654 3346 recidiva
670 3308 754 3345 manu
771 3293 922 3360 posuissem
941 3292 1075 3360 Pergama
1091 3293 1177 3347 victis.

480 3367 537 3422 Sed
554 3384 625 3422 nunc
648 3367 758 3422 ltaliam
776 3383 902 3435 magnam
921 3368 1045 3437 Gryneus
1064 3369 1171 3437 Apollo,
1302 3381 1339 3422 ers

479 3443 591 3497 ltaliam
609 3443 708 3514 Lyciae
726 3444 831 3497 iussere
849 3460 992 3513 capessere
1010 3448 1114 3510 sortes3

465 3518 525 3571 Hic
540 3536 629 3591 amon
648 3520 721 3576 baec
737 3520 833 3592 patria
850 3524 904 3577 est.
938 3519 1019 3576 3133
1032 3520 1217 3584 sennenn
1229 3535 1319 3578 areas,

451 3590 653 3671 Phoenissam,
674 3599 868 3672 Libycaeque
888 3600 1024 3670 aspectus
1041 3594 1154 3647 detinet
1165 3589 1258 3649 urbis,

439 3666 526 3730 ΟΜ
545 3677 683 3746 tandem,
708 3681 850 3737 Ausonia
869 3678 1005 3734 Teucros
1021 3666 1173 3725 obnubere
1186 3665 1280 3718 terra,
