3467 4367
468 638 498 685 72»
694 640 724 689 P.
744 639 900 688 VERGILI
920 638 1090 705 MARONIS

467 716 564 787 Eripe3
582 735 636 771 nou
654 720 707 773 illis
725 722 870 790 quisquam
888 720 1079 776 cunctantibus
1096 720 1184 774 altum

466 794 513 847 Ire
531 795 585 848 iter
603 799 651 848 aut
669 797 766 850 castris
784 797 897 851 audebit
915 797 1016 851 vellere
1034 797 1118 864 signa

467 872 589 925 Invitent
606 871 707 925 croceis
724 873 846 927 halantes
864 872 976 925 floribus
993 872 1074 939 horti,

467 946 504 1000 Et
521 951 612 1000 custos
629 948 719 1000 furum
738 954 821 1016 atque
839 949 928 1002 avium
947 966 1008 1001 cum
1025 948 1094 1001 falce
1112 945 1220 1013 saligna
1291 963 1328 1001 rm

468 1022 681 1090 Hellespontiaci
700 1029 791 1076 servet
808 1024 897 1078 tutela
915 1024 1014 1092 Priapi.

467 1099 531 1167 Ipse
549 1098 672 1167 thymum
690 1101 822 1167 pinosque
840 1102 931 1154 ferens
950 1100 1143 1154 dementibus
1161 1099 1234 1153 altis.

467 1176 550 1230 Tecta
568 1178 643 1228 serat
660 1175 716 1229 late
734 1176 843 1243 circum,
861 1177 903 1229 cui
921 1177 988 1230 talia
1005 1192 1100 1241 curac3

467 1252 532 1319 Ipse
550 1251 644 1305 labore
661 1269 770 1304 manum
790 1252 858 1306 duro
876 1256 958 1320 terat,
976 1253 1035 1321 ipsc
1052 1252 1151 1306 feracis

467 1327 548 1395 Figat
565 1327 647 1381 humo
665 1328 772 1396 plantas
790 1332 819 1382 et
837 1329 936 1381 andcos
954 1329 1056 1396 inriget
1072 1326 1177 1381 imbris.
1292 1344 1327 1381 115

502 1405 596 1480 Atque
614 1404 749 1472 equidem,
767 1408 891 1458 extremo
909 1405 937 1457 ni
955 1404 1009 1457 iam
1028 1403 1079 1457 sub
1096 1403 1150 1456 fine
1168 1402 1297 1458 laborum

468 1479 538 1532 Vela
555 1480 661 1533 traham
680 1484 709 1533 et
727 1480 810 1533 terris
827 1480 953 1534 festinem
971 1480 1116 1533 advertere
1134 1495 1253 1547 proram,

467 1555 593 1608 Forsitan
611 1560 648 1621 et,
665 1557 773 1624 pinguis
791 1556 885 1608 hortos
903 1573 973 1624 quac
991 1573 1056 1609 cura
1073 1553 1180 1608 colendi

467 1631 593 1695 Omaret,
611 1647 743 1694 canerem,
761 1630 896 1699 biferique
914 1633 1017 1685 rosaria
1036 1630 1136 1697 Paesti,

468 1706 582 1773 Quoque
599 1707 680 1759 modo
698 1708 770 1774 potis
788 1706 940 1774 gauderent
959 1707 1045 1761 intiba
1061 1706 1126 1759 rivis
1293 1721 1328 1758 no

468 1783 505 1835 Et
522 1782 625 1835 virides
643 1784 703 1851 apio
721 1783 803 1851 ripae,
823 1786 969 1851 tortusque
986 1800 1036 1850 per
1053 1782 1166 1859 herbam

468 1859 611 1912 Cresceret
628 1859 657 1911 in
676 1863 798 1912 ventrem
817 1860 952 1925 cucumis;
969 1876 1019 1913 nec
1037 1875 1098 1912 sera
1115 1862 1270 1911 comantem

468 1934 624 1987 Narcissum
643 1939 691 1988 aut
709 1935 773 1987 flexi
791 1927 937 1988 tacuissem
955 1936 1045 1989 vimen
1063 1934 1172 1989 acanthi

462 2009 654 2078 ·Pallentisque
671 2011 787 2065 hederas
805 2014 835 2065 et
852 2011 969 2064 amantis
986 2012 1067 2065 litora
1084 2014 1195 2079 myrtos.

468 2084 593 2153 Namque
611 2087 661 2141 sub
680 2087 809 2141 Oebaliae
826 2086 937 2140 memini
956 2104 1001 2141 me
1018 2086 1140 2141 turribus
1157 2084 1230 2153 altis,
1290 2099 1326 2139 12⁵

468 2162 528 2227 Qua
545 2164 622 2231 niger
640 2164 779 2217 humectat
797 2162 926 2216 flaventia
944 2164 1017 2217 culta
1037 2163 1176 2229 Galaesus,

468 2238 609 2307 Corycimn
628 2240 727 2294 vidisse
747 2257 847 2307 senem,
865 2240 909 2292 eui
927 2256 1015 2308 panca
1032 2239 1120 2293 relicti
1219 2243 1222 2248 ’

468 2315 570 2382 Iugera
589 2316 660 2369 ruris
678 2321 764 2383 erant,
783 2333 833 2369 nec
851 2315 949 2369 fertilis
967 2315 1014 2368 illa
1032 2315 1157 2383 iuvencis,

468 2390 493 2443 N
496 2409 526 2445 oc
544 2393 635 2460 pecori
653 2396 805 2460 opportuna
823 2408 908 2459 seges,
927 2408 977 2445 nec
994 2391 1137 2445 commoda
1155 2390 1271 2445 Baccho.

470 2467 523 2521 lIic
540 2485 632 2534 rarum
649 2472 741 2521 tamen
758 2468 786 2521 in
805 2468 896 2521 dumis
913 2467 973 2520 olus
991 2467 1106 2535 albaque
1124 2466 1226 2521 circum
1291 2484 1328 2523 rao

470 2543 536 2596 Lilia
553 2544 740 2611 verbenasque
758 2560 884 2612 premens
902 2560 1066 2612 vescumque
1084 2559 1212 2612 papaver,

469 2619 574 2686 Regum
593 2620 729 2688 aequabat
747 2636 813 2688 opes
831 2620 935 2688 animis,
955 2637 1070 2689 seraque
1089 2623 1231 2674 revertens

468 2695 493 2747 N
495 2699 555 2748 octe
573 2696 683 2749 domum
703 2695 819 2763 dapibus
836 2714 945 2751 mensas
964 2697 1096 2751 onerabat
1111 2696 1248 2765 inemptis.

469 2771 576 2824 Primus
593 2789 657 2825 vere
676 2788 765 2824 rosam
783 2776 867 2841 atque
884 2777 1014 2826 autumno
1032 2790 1143 2839 carpere
1160 2788 1250 2841 poma,

419 2864 428 2880 ⁸
469 2848 582 2901 Etcum
601 2848 690 2901 tristis
707 2848 813 2917 hiemps
832 2850 980 2903 etiamnum
998 2850 1100 2917 frigore
1118 2864 1183 2902 saxa
1291 2863 1327 2901 aaa

469 2924 620 2993 Rumperet
638 2928 667 2978 ct
684 2924 771 2992 glacie
789 2942 884 2979 cursus
902 2925 1023 2978 frenaret
1042 2942 1182 2993 aquarum,

468 2999 519 3053 llle
538 3017 642 3054 comam
660 3001 749 3055 mollis
768 3004 822 3055 iam
840 3001 974 3055 tondebat
992 3000 1137 3069 hyacinthi,

469 3078 613 3131 Aestatem
631 3078 796 3146 increpitans
815 3095 903 3132 seram
923 3078 1109 3146 zephyrosque
1127 3077 1269 3131 morantis.

470 3152 541 3221 llrgo
558 3154 655 3221 apibus
674 3155 736 3207 fetis
753 3155 827 3208 idem
846 3160 930 3223 atque
948 3155 1072 3207 exarnino
1091 3154 1178 3206 multo

469 3229 577 3282 Primus
595 3230 735 3284 abundare
754 3236 783 3285 et
802 3232 956 3299 spumantia
974 3247 1071 3298 eogere
1088 3228 1189 3298 pressis
1290 3245 1327 3283 rw

468 3299 552 3358 Mella
569 3306 652 3372 favis3
668 3308 707 3361 illi
725 3308 801 3361 tiliae
821 3312 906 3376 atque
923 3306 1061 3360 uberrima
1079 3306 1172 3375 pinus;

468 3381 594 3450 Quotque
614 3383 642 3435 in
660 3383 726 3437 flore
745 3401 815 3439 novo
833 3383 921 3452 pomis
940 3400 969 3436 se
987 3383 1085 3437 fertilis
1103 3381 1184 3435 arbos

467 3456 606 3525 Induerat,
628 3459 743 3514 totidem
762 3463 894 3513 autumno
913 3463 1022 3513 matura
1038 3458 1159 3512 tenebat.

446 3529 503 3579 Me
519 3534 605 3587 etiam
624 3538 751 3593 saracin
773 3554 887 3593 versum
909 3537 1025 3591 distulit
1041 3537 1134 3588 ulmos

425 3597 620 3675 ffidvramque
632 3614 734 3679 pirum
756 3622 789 3673 et
807 3617 912 3688 spinos
933 3616 992 3669 iam
1011 3629 1107 3683 pruna
1124 3604 1247 3659 terentis
1318 3617 1359 3650 xa

409 3665 535 3742 Imque
553 3686 791 3752 ministrantem
810 3696 981 3768 platanum
998 3684 1177 3762 potantibus
1193 3673 1326 3728 umbras
