3467 4367
664 663 873 714 GEORGIOON
891 666 961 717 LIB.
979 667 1029 719 IV.
1248 674 1276 723 81

416 745 534 801 Inferias
554 744 658 814 Orphei
677 744 800 799 Lethaea
817 762 956 816 papavera
973 749 1075 819 mittes,
1177 753 1193 765 ”
1241 766 1276 808 ac

414 824 454 877 ut
471 823 576 889 nigram
593 822 729 876 mactabis
750 840 836 892 ovem,
856 824 1002 895 lucumque
1020 828 1135 894 revisee3

415 900 558 954 Plaoatam
577 898 731 968 Eurydicen
752 900 838 954 vitula
857 901 1023 957 venerabere
1040 919 1126 959 mesa.

453 976 538 1030 Haud
556 993 648 1045 mora3
667 978 795 1032 continuo
816 978 912 1032 matris
931 984 1078 1050 praecepta
1095 981 1219 1049 facesait;

417 1053 467 1108 Ad
485 1053 599 1108 delubra
616 1055 698 1122 venit,
719 1059 886 1109 monstratas
905 1058 1009 1111 excitat
1026 1073 1094 1126 aras,

416 1129 556 1196 Quattuor
573 1132 687 1185 eximios
706 1132 858 1201 praestanti
878 1149 991 1204 corpore
1008 1137 1102 1188 tauros

417 1208 508 1277 Ducit,
526 1213 555 1263 et
572 1209 676 1263 intacta
697 1209 814 1264 totidem
834 1212 938 1265 cervice
956 1211 1088 1265 iuvencae

417 1285 493 1354 Post,
511 1285 558 1339 ubi
576 1303 647 1340 nona
666 1303 728 1341 suot
749 1287 857 1341 Aurora
876 1288 1022 1342 induxerat
1040 1290 1125 1356 ortm,

418 1362 534 1416 Inferias
553 1362 656 1432 Orphei
676 1362 771 1431 mittit,
790 1364 935 1433 lucumque
954 1364 1054 1419 revisit.

418 1438 474 1492 Hic
491 1455 555 1493 vero
575 1440 696 1494 subitum
714 1456 746 1493 ac
764 1440 840 1495 dictu
859 1441 983 1495 mirabile
1001 1444 1153 1495 monstrum

419 1515 571 1585 Aspiciunt,
590 1517 738 1586 liquefacta
755 1516 837 1571 houm
855 1534 907 1586 per
924 1519 1028 1572 viscera
1044 1520 1105 1571 toto
1238 1530 1275 1572 aaa

417 1591 544 1647 Stridore
560 1608 628 1663 apes
643 1596 724 1647 utero
742 1596 772 1648 et
788 1595 878 1664 raptis
897 1594 1028 1648 effervere
1045 1592 1135 1661 costis,

418 1675 616 1740 Inmensaoqne
634 1670 706 1724 trahi
723 1670 817 1740 nubes,
834 1671 943 1741 iamque
961 1670 1059 1725 arbore
1077 1685 1182 1724 summa

418 1748 564 1804 Confluere
582 1750 612 1800 et
629 1746 711 1800 lentie
729 1763 810 1800 uram
829 1745 978 1801 demittere
995 1747 1084 1800 ramis.

455 1902 533 1955 Haec
549 1916 631 1968 super
648 1917 773 1953 arvorum
792 1900 867 1954 cultu
884 1915 1068 1970 pecorumque
1084 1901 1215 1955 canebam

418 1981 457 2033 Et
474 1993 557 2046 super
574 1976 723 2043 arboribus,
742 1976 842 2029 ansar
860 1976 926 2031 dum
937 1992 1051 2044 magnus
1065 1976 1101 2029 ad
1115 1976 1201 2031 altum
1235 1993 1273 2032 aco

419 2050 735 2120 Frdminatliuphraten
752 2051 832 2118 bello,
851 2053 992 2122 victorque
1010 2051 1126 2107 volentis

418 2132 474 2185 Per
491 2129 605 2199 populos
623 2126 756 2198 datium,
774 2129 901 2198 viamque
919 2128 1041 2182 adfectat
1059 2128 1181 2199 Olympo.

418 2208 471 2263 1110
490 2205 643 2275 Vergilium
661 2221 706 2259 me
724 2209 848 2275 tempore
866 2204 953 2260 dulcia
971 2204 1064 2257 aiebat

418 2286 601 2351 Parthenope,
620 2281 717 2335 studiis
736 2281 879 2337 florentem
897 2280 1022 2351 ignobilis
1041 2280 1087 2348 oti,

419 2362 547 2419 Carmina
564 2359 611 2427 qui
627 2359 679 2430 lusi
697 2360 843 2425 pectorum,
861 2359 1006 2427 audaxque
1023 2357 1141 2425 iuventa,
1234 2374 1271 2415 aaa
1349 2358 1352 2363 '

418 2440 520 2507 Tityre,
537 2437 567 2489 te
584 2435 695 2503 patulae
712 2433 796 2486 cecini
813 2434 864 2487 sub
882 2435 1002 2503 tegmine
1020 2433 1085 2501 fagi.
