3467 4367
682 630 867 677 AENEIDOS
887 629 955 680 LIB.
974 630 1010 681 X.
1234 631 1280 679 289

430 718 506 772 Aere
524 719 607 786 eaput
623 716 737 784 dilgens,
755 717 893 785 cristaque
911 718 1032 774 hirsutus
1050 718 1159 789 equina

430 794 475 848 Sic
487 810 596 847 cursum
607 792 636 845 in
648 792 753 845 medios
764 793 877 862 rapidus
890 794 975 850 dedit.
1000 798 1120 850 Aestuat
1131 795 1227 863 ingens
1245 808 1283 848 svo

431 871 494 923 Uno
511 871 540 923 in
557 868 640 922 eorde
658 868 747 937 pudor
764 869 907 938 mixtoque
924 872 1028 926 insania
1045 873 1128 938 luctu,

429 944 479 1015 [Εἰ
496 945 575 998 furiis
592 944 714 1011 agitatus
730 961 807 997 arnor
824 950 854 999 et
871 949 977 1001 conseia
995 946 1100 1016 virtus]

430 1024 526 1091 Atque
543 1022 588 1076 hie
606 1024 720 1074 Aenean
738 1038 837 1089 magna
854 1026 899 1075 ter
916 1040 980 1077 voce
998 1025 1111 1078 vocavit.

431 1099 540 1152 Aeneas
557 1097 688 1165 adgnovit
707 1096 786 1161 enim,
803 1097 946 1168 laetusque
963 1103 1104 1167 precatur:

430 1174 476 1229 Sic
493 1177 575 1243 pater
591 1173 639 1227 ille
656 1173 740 1227 deum
756 1172 845 1239 faeiat,
863 1175 902 1228 sie
919 1175 992 1229 altus
1010 1176 1122 1244 Apollo!
1247 1188 1284 1231 stt

432 1250 551 1319 Incipias
568 1250 692 1303 conferre
709 1265 826 1303 manum.

431 1326 549 1388 Tantum
567 1326 671 1390 effatus
689 1328 719 1380 et
735 1324 836 1379 infesta
853 1325 929 1380 subit
946 1327 1041 1380 obvius
1058 1326 1145 1380 hasta.

433 1402 484 1455 lllo
501 1406 611 1456 autern:
631 1401 704 1466 Quid
721 1417 766 1454 me
784 1404 888 1469 erepto,
907 1402 1070 1464 saevissime,
1087 1405 1151 1455 nato

431 1477 545 1531 'l'erresl
571 1477 639 1530 haee
656 1476 701 1529 via
718 1476 776 1529 sola
793 1476 853 1543 fuit,
873 1492 927 1545 qua
943 1477 1060 1545 perdere
1078 1492 1177 1546 posses.

431 1553 457 1606 N
460 1570 491 1607 ee
509 1556 626 1605 mortem
644 1551 796 1620 horremus,
813 1570 864 1606 nee
883 1553 973 1606 divom
991 1553 1127 1622 parcimus
1144 1553 1200 1607 ulli.
1247 1564 1285 1604 sao

432 1628 550 1683 Desine:
568 1644 633 1681 nam
650 1628 730 1682 venio
747 1628 905 1696 moriturus,
918 1632 947 1683 ot
964 1628 1030 1683 haee
1047 1629 1100 1682 tibi
1117 1632 1197 1699 porto

432 1704 512 1760 Dona
528 1706 612 1774 prins.
648 1705 734 1773 Dixit,
753 1705 895 1774 telumque
912 1706 1023 1760 intorsit
1040 1706 1068 1758 in
1086 1706 1210 1770 hostem;

432 1781 503 1835 Inde
521 1782 596 1837 aliud
614 1786 797 1852 superatque
814 1781 890 1836 alind
907 1781 1029 1851 figitque,
1049 1783 1176 1852 volatque

432 1859 542 1928 Ingenti
559 1875 640 1928 gyro3
658 1858 709 1913 sed
726 1859 844 1914 sustinet
862 1875 961 1913 aureus
979 1859 1070 1914 umbo.

388 1973 390 1975 -
432 1936 485 1989 Ter
502 1937 603 1990 circum
620 1934 776 1989 adstantem
794 1936 885 1989 laevos
903 1936 1039 2003 equitavit
1056 1936 1084 1988 in
1102 1934 1184 2002 orbis,
1247 1949 1284 1987 sas

432 2011 497 2065 Tela
514 2027 596 2064 manu
612 2010 726 2075 aciens
744 2013 789 2064 ter
807 2028 899 2064 seeum
918 2011 1014 2065 Troius
1033 2012 1114 2065 heros

434 2087 575 2140 Inmanem
593 2087 686 2138 aerato
704 2085 862 2139 oireundert
880 2087 1001 2153 tegmine
1019 2087 1120 2139 silvam.

435 2162 505 2214 Inde
521 2160 569 2213 ubi
586 2162 630 2213 tot
647 2160 765 2213 traxisse
781 2176 880 2228 moras,
897 2163 941 2213 tot
958 2160 1061 2228 spicula
1077 2161 1172 2215 taedet

436 2236 551 2300 Vellere,
569 2238 599 2288 et
616 2237 750 2301 urguetur
768 2251 861 2303 pugna
878 2252 1040 2303 congressus
1057 2236 1157 2305 iniqua,

434 2310 524 2364 Multa
541 2325 652 2363 movens
666 2309 756 2363 animo
770 2311 825 2362 iam
839 2310 952 2364 tandem
971 2312 1099 2380 erumpit,
1116 2315 1145 2366 et
1158 2312 1233 2366 inter
1248 2326 1285 2365 sao

435 2386 579 2439 Bellatoris
596 2384 661 2452 equi
678 2400 745 2437 cava
761 2388 886 2454 tempora
904 2387 1014 2441 coniicit
1031 2387 1143 2442 hastam.
1245 2407 1247 2412 ·
1324 2390 1326 2400 '

434 2462 516 2516 Tollit
535 2478 564 2515 se
581 2463 718 2514 arrectum
737 2460 901 2530 qiudrnpes
919 2467 949 2517 et
966 2462 1085 2517 ealeibus
1102 2479 1181 2517 auras

434 2536 579 2603 Verberat,
598 2536 768 2604 effusumque
786 2538 908 2606 equitem
926 2557 1009 2610 super
1026 2540 1085 2608 ipse
1102 2543 1212 2594 secutus

434 2614 559 2683 Inplicat,
577 2612 721 2681 eiectoque
738 2613 872 2669 incumbit
889 2633 1006 2670 cernuus
1023 2634 1107 2671 armo.
1288 2662 1293 2686 ,

434 2691 559 2745 Clamore
576 2688 726 2742 incendunt
744 2690 849 2743 eaelum
867 2692 1006 2761 Troesque
1025 2693 1181 2762 Latinique.
1249 2706 1286 2746 aas

435 2765 556 2820 Advolat
576 2768 693 2831 Aeneas,
712 2765 864 2834 vaginaque
883 2768 966 2835 eripit
983 2785 1083 2835 ensem,

434 2842 471 2894 Et
489 2857 571 2910 super
588 2840 670 2895 haee:
689 2840 745 2894 Ubi
763 2858 835 2895 nunc
852 2843 1007 2897 Mezentius
1026 2860 1096 2911 acer,
1115 2846 1146 2898 et
1162 2843 1210 2898 illa

433 2917 525 2971 Effera
541 2917 583 2971 vis
600 2916 700 2971 animil
732 2917 834 2972 Contra
852 2919 1016 2987 Tyrrhenus,
1035 2923 1067 2974 ut
1085 2936 1164 2974 auras

434 2994 590 3063 Suspiciens
607 2992 699 3046 hausit
716 2993 828 3060 eaelum,
846 3000 1021 3064 mentemque
1040 2996 1159 3065 recepit:

434 3069 531 3123 Hostis
548 3086 648 3136 amare,
667 3068 734 3138 quid
752 3069 899 3138 increpitas
918 3076 1090 3141 mortemque
1105 3070 1232 3127 minarisl
1249 3087 1286 3126 eoo

433 3145 547 3199 Nullum
564 3146 592 3198 in
610 3144 693 3199 caede
711 3146 802 3212 neias3
820 3163 871 3200 nee
889 3148 981 3201 sicud
999 3148 1104 3217 proelia
1121 3149 1198 3215 veni;

434 3220 460 3272 N
462 3238 493 3275 eo
511 3224 602 3275 tecum
619 3237 698 3275 mous
715 3220 784 3276 hmo
800 3224 907 3291 pepigit
925 3224 992 3277 mihi
1010 3224 1121 3279 foedera
1139 3225 1251 3279 lausus.

434 3295 527 3350 Unum
543 3297 601 3363 hoe,
618 3313 676 3365 per,
694 3298 717 3351 si
735 3315 790 3367 qua
807 3303 851 3354 est
868 3300 948 3355 vietis
966 3302 1045 3356 venia
1062 3300 1194 3370 hostibus,
1213 3317 1277 3356 oro:

435 3374 542 3441 Corpus
558 3373 642 3427 humo
658 3375 765 3442 patiare
783 3377 848 3445 tegi.
885 3378 947 3432 Seio
964 3377 1061 3433 acerba
1079 3394 1199 3432 meorum

435 3449 619 3503 circumstare
636 3452 712 3505 odia:
732 3453 811 3521 hune,
829 3471 885 3521 oro,
904 3454 1022 3509 deiende
1040 3454 1178 3517 furorem,
1250 3468 1292 3504 aas

435 3526 472 3579 Et
489 3540 534 3578 me
551 3530 703 3581 consortem
721 3530 780 3583 nati
798 3532 922 3587 ooneedo
940 3532 1102 3602 sepulobro.

430 3600 507 3652 Haeo
521 3599 654 3669 loquitur,
673 3602 831 3677 iuguloque
847 3610 935 3665 haud
950 3608 1063 3663 inse'ius
1080 3599 1193 3666 aeo‘xp‘xt
1207 3602 1331 3645 summa

419 3673 602 3744 Undantiqne
621 3680 749 3738 animam
770 3686 918 3745 diffundit
935 3688 972 3742 in
987 3699 1079 3741 arma.
1097 3683 1219 3760 eigam-
