3467 4367
478 636 526 687 272
705 636 735 683 P.
754 634 909 684 VERGILI
926 635 1094 685 MARONIS

476 712 503 764 ll
505 730 604 782 amque
622 713 716 768 ferunt
736 713 813 767 luctu
834 714 955 783 Cycnum
976 712 1155 768 Phaethontis
1174 714 1268 776 amati.

478 789 612 857 Populeas
632 790 707 843 inter
725 789 836 843 frondes
856 789 1037 857 umbramque
1059 805 1180 843 sororum
1294 806 1333 845 1oo

477 864 550 917 Dum
571 864 645 918 canit
661 869 690 918 et
709 868 846 918 maestum
865 866 947 918 Musa
965 865 1070 919 solatur
1089 881 1216 933 amorem,

477 940 627 995 Canentem
645 940 720 994 molli
738 943 832 1009 pluma
847 941 959 994 duxisse
976 942 1122 1007 senectam,

476 1016 660 1085 Linquentem
679 1019 769 1070 terras
788 1021 817 1071 et
836 1016 928 1071 sidera
947 1033 1013 1071 voce
1034 1020 1199 1085 sequentem

476 1091 569 1160 Filius,
589 1092 712 1161 aequalis
731 1093 879 1147 comitatus
901 1093 987 1146 classe
1009 1096 1141 1159 catervas,

477 1167 622 1235 Ingentem
643 1169 726 1222 remis
747 1168 914 1223 Centaurum
934 1171 1089 1235 promovet:
1114 1167 1160 1223 ille
1298 1168 1335 1208 1⁹⁵

476 1241 568 1297 Instat
587 1261 675 1313 aquae
694 1261 845 1313 saxumque
864 1244 947 1297 undis
966 1243 1074 1297 inmane
1094 1244 1215 1299 minatur

475 1318 597 1389 Arduus,
616 1324 646 1374 et
663 1320 744 1388 longa
762 1321 850 1374 sulcat
870 1320 957 1372 maria
975 1318 1032 1372 alta
1053 1319 1152 1374 carina

510 1394 563 1449 Ille
581 1396 665 1450 etiam
683 1396 781 1465 patriis
801 1411 899 1463 agmen
918 1395 973 1449 ciet
993 1394 1084 1448 Ocnus
1104 1395 1140 1448 ab
1161 1396 1224 1466 oris,

475 1468 616 1526 Fatidicae
637 1472 750 1526 Mantus
769 1475 798 1525 et
810 1472 890 1525 Tusci
911 1471 983 1524 filius
1003 1470 1099 1539 amnis,

475 1545 529 1610 Qui
547 1564 639 1601 muros
658 1548 811 1614 matrisque
830 1547 909 1600 dedit
930 1546 989 1614 tibi,
1010 1546 1132 1612 Mantua
1153 1563 1261 1616 nomen,
1292 1564 1331 1603 aoo

475 1622 598 1691 Mantua,
617 1623 694 1677 dives
715 1623 773 1676 avis
783 1642 790 1687 ;
814 1623 864 1676 sed
885 1638 939 1675 non
958 1638 1044 1689 genus
1063 1622 1188 1677 omnibus
1206 1640 1310 1679 rmum:

475 1698 548 1751 Gens
566 1699 605 1751 illi
624 1699 733 1766 triplex,
752 1698 844 1766 populi
865 1697 916 1751 sub
934 1701 1017 1764 gente
1037 1698 1181 1764 quaterni3

478 1774 540 1841 lpsa
559 1777 641 1841 caput
659 1774 783 1841 populis;
807 1773 894 1826 Tusco
915 1772 950 1826 de
972 1773 1103 1839 sanguine
1121 1775 1199 1829 vires

477 1849 547 1902 Hinc
566 1864 674 1916 quoque
693 1848 857 1916 quingentos
876 1847 905 1900 in
924 1864 954 1901 se
973 1847 1127 1905 Mezentius
1146 1853 1245 1919 armat,

475 1924 548 1987 Quos
568 1927 647 1992 patre
669 1925 776 1977 Benaco
796 1923 903 1977 velatus
922 1923 1056 1977 arundine
1075 1924 1171 1991 glauca
1290 1942 1329 1983 aas

474 1999 590 2062 Mincius
606 2000 707 2054 infesta
725 1998 843 2053 ducebat
861 1999 890 2052 in
909 2015 1028 2067 aequora
1048 1999 1121 2067 pinu,

475 2076 503 2129 It
519 2077 610 2144 gravis
632 2075 767 2141 Aulestes,
789 2078 960 2143 centenaque
980 2074 1078 2129 arbore
1099 2076 1211 2133 fluctum

474 2151 611 2206 Verberat
629 2152 795 2219 adsurgens3
819 2154 948 2220 spumant
966 2150 1037 2204 vada
1056 2167 1191 2207 marmore
1212 2170 1300 2208 verso.

474 2226 555 2280 Hunc
575 2227 650 2281 vehit
665 2227 781 2280 inmanis
801 2227 896 2280 Triton
915 2230 944 2280 et
962 2227 1070 2280 caerula
1085 2228 1186 2282 concha

474 2302 621 2355 Exterrens
639 2302 724 2367 freta3
749 2302 791 2355 cui
811 2302 928 2355 laterum
947 2305 1029 2356 tenus
1048 2302 1156 2371 hispida
1174 2310 1252 2360 nanti
1289 2322 1329 2362 210

474 2377 560 2430 Frons
579 2378 716 2431 hominem
737 2379 866 2445 praefert,
886 2378 916 2430 in
933 2379 1041 2446 pristim
1061 2379 1162 2433 desinit
1183 2381 1278 2448 alvus3

473 2452 590 2520 Spumea
609 2452 736 2506 semifero
757 2453 808 2506 sub
829 2457 942 2520 pectore
963 2459 1117 2508 murmurat
1138 2456 1218 2511 ulida.

507 2528 558 2583 'lot
578 2528 643 2582 lecti
661 2544 788 2596 proceres
809 2532 853 2583 ter
875 2529 953 2583 denis
973 2530 1087 2584 navibus
1106 2531 1184 2585 ibant

472 2604 599 2658 Subsidio
620 2604 722 2670 Troiae,
739 2608 769 2659 et
789 2621 898 2673 campos
917 2606 981 2659 salis
1000 2622 1063 2659 aere
1083 2607 1235 2680 secabant„

507 2679 621 2748 Iamque
642 2680 702 2733 dies
720 2681 794 2734 caelo
810 2684 989 2749 concesserat,
1009 2681 1135 2750 almaque
1156 2700 1239 2738 curru
1289 2702 1327 2744 ars

472 2754 622 2824 Noctivago
644 2756 753 2810 Phoebe
772 2757 894 2810 medium
914 2756 1041 2825 pulsabat
1060 2757 1219 2827 Olympum:

472 2833 705 2900 Aeneas—neque
725 2834 797 2886 enim
815 2833 946 2886 membris
967 2833 1015 2886 dat
1035 2851 1101 2887 cura
1122 2835 1282 2903 quietem-

472 2907 537 2976 Ipse
557 2908 656 2962 sedens
676 2909 838 2977 clavumque
857 2910 931 2977 regit
951 2909 1073 2978 velisque
1094 2910 1238 2966 ministrat.

472 2985 567 3053 Atque
588 2985 628 3037 illi
645 2986 736 3038 medio
757 2986 785 3039 in
804 2985 893 3054 spatio
915 2986 1020 3053 chorus,
1037 3003 1107 3055 ecce,
1125 3003 1235 3041 suarum

471 3058 597 3113 Occurrit
616 3061 762 3116 comitum:
787 3060 938 3129 Nymphae,
959 3078 1026 3129 quas
1045 3062 1117 3116 alma
1137 3061 1247 3131 Cybebe
1286 3081 1326 3121 aao

471 3134 581 3188 Numen
599 3135 700 3189 habere
720 3138 803 3191 maris
824 3137 1019 3206 Nymphasque
1040 3155 1056 3192 e
1076 3138 1190 3192 navibus
1209 3155 1274 3200 esse,

472 3211 601 3275 Iusserat,
621 3211 752 3266 innabant
773 3212 880 3280 pariter
898 3212 1051 3282 fluctusque
1069 3214 1205 3282 secabant,

389 3327 395 3341 .
471 3286 544 3350 Quot
564 3286 640 3353 prius
661 3290 771 3341 aeratae
791 3291 927 3341 steterant
946 3289 983 3342 ad
994 3289 1085 3344 litora
1103 3306 1207 3360 prorae.

473 3360 652 3427 Adgnoscunt
672 3362 753 3429 longe
771 3379 873 3431 regem,
895 3363 1067 3433 lustrantque
1086 3366 1197 3420 choreis.

471 3436 590 3501 Quarum
611 3452 681 3504 quae
700 3437 776 3490 fandi
799 3438 957 3491 doctissima
982 3440 1156 3509 Cymodocea,
1285 3462 1324 3503 225

453 3512 535 3567 Pone
554 3530 677 3584 sequens
700 3515 804 3571 dextra
820 3515 939 3585 puppim
954 3518 1044 3580 tenet,
1056 3516 1173 3583 ‘ipsaque
1187 3518 1268 3573 dorso

438 3587 566 3660 Eminet,
590 3610 628 3649 ac
647 3594 734 3652 laeva
755 3594 858 3651 tacitis
880 3591 1058 3658 subremigat
1074 3589 1168 3640 undas.

428 3661 505 3722 Tum
530 3670 574 3727 sic
595 3672 740 3746 ignarum
764 3660 1247 3745 asiloquitur,'.*llss'1lffiwlffi
1263 3673 1346 3720 qens.
