3467 4367
696 618 881 670 smarnos
893 584 969 671 ma
988 619 1036 670 vr.
1247 620 1293 670 1ar

441 694 592 751 Praeterea
607 696 679 751 iacet
697 698 852 754 exanimum
870 700 921 756 tibi
938 718 1037 771 corpus
1054 702 1168 756 amici—

441 772 507 826 Heu
524 771 790 843 nescis—totamque
807 775 924 831 incestat
942 778 1038 832 funere
1056 777 1177 847 classem,
1260 790 1296 831 100

441 847 514 901 Dum
533 848 654 902 consulta
671 850 744 920 petis
761 853 911 921 nostroque
929 854 957 906 in
974 854 1067 908 limine
1083 854 1194 923 pendes.

441 923 557 977 Sedibus
575 924 647 978 hunc
664 925 737 980 refer
754 931 820 982 ante
840 929 896 982 suis
914 932 944 983 et
962 930 1048 983 conde
1066 930 1215 998 sepulchro.

441 1000 502 1054 Duc
519 1001 612 1067 nigras
628 1001 762 1069 pecudes;
783 1018 817 1056 ea
833 1003 922 1072 prima
939 1005 1045 1073 piacula
1062 1009 1147 1059 sunto.

440 1076 485 1130 Sic
503 1076 613 1131 demum
630 1077 705 1132 lucos
726 1078 821 1147 Stygis·
837 1082 867 1133 et
885 1098 969 1149 regna
986 1081 1057 1135 invia
1074 1081 1142 1135 vivis

441 1152 572 1221 Aspicies.
610 1153 694 1223 Dixit,
712 1171 861 1224 pressoque
881 1157 1017 1211 obmutuit
1034 1173 1087 1210 ore.
1260 1172 1297 1213 100

475 1231 585 1283 Aeneas
604 1234 710 1284 maesto
729 1231 837 1285 defixus
855 1232 957 1286 lumina
975 1233 1050 1287 voltu

440 1304 608 1374 Ingreditur,
627 1306 754 1375 linquens
772 1310 890 1377 antrum,
909 1304 1057 1378 caecosque
1074 1307 1180 1363 volutat

423 1381 562 1448 ‚Eventus
579 1382 668 1435 animo
687 1400 786 1437 secum.
823 1384 874 1438 Cui
892 1385 963 1438 fidus
983 1384 1105 1439 Achates

440 1457 470 1511 It
487 1474 585 1525 comes,
604 1460 633 1511 et
651 1457 763 1526 paribus
782 1460 854 1513 curis
874 1461 991 1529 vestigia
1009 1461 1075 1529 figit.

435 1534 530 1603 ⁴Multa
548 1533 621 1587 inter
639 1551 699 1588 sese
717 1536 792 1603 vario
811 1552 937 1590 sermone
955 1536 1089 1606 serebant,
1260 1550 1297 1589 100

440 1610 528 1676 Quem
543 1609 645 1663 socium
661 1611 813 1665 exanimem
827 1616 912 1678 vates,
930 1611 1004 1681 quod
1018 1628 1115 1680 corpus
1128 1610 1296 1665 humandum

439 1686 558 1740 Diceret.
596 1688 691 1755 Atque
708 1686 747 1739 illi
767 1688 906 1742 Misenum
923 1688 951 1741 in
969 1687 1050 1741 litore
1068 1688 1145 1756 sicco,

440 1764 481 1817 Ut
498 1779 606 1832 venere,
624 1762 719 1817 vident
738 1763 852 1831 indigna
870 1767 959 1818 morte
977 1768 1157 1834 peremptum,

441 1839 578 1893 Misenum
598 1839 740 1906 Aeoliden,
763 1856 817 1908 quo
835 1857 890 1893 non
908 1842 1093 1908 praestantior
1110 1840 1181 1895 alter
1207 1856 1209 1862 ·

440 1916 516 1970 Aere
533 1915 604 1969 ciere
621 1915 700 1984 viros,
721 1916 897 1985 Martemque
916 1917 1065 1971 accendere
1083 1920 1172 1971 cantu
1260 1930 1297 1971 100

440 1990 569 2045 Hectoris
586 1991 630 2045 hio
647 1993 738 2060 magni
757 1992 847 2046 fuerat
866 2010 964 2061 comes,
986 1993 1108 2047 Hectora
1125 1993 1227 2046 circum

440 2068 478 2122 Et
494 2069 561 2122 lituo
579 2085 683 2137 pugnas
702 2069 815 2137 insignis
833 2068 928 2122 obibat
947 2072 976 2122 et
994 2069 1078 2122 hasta.

440 2144 590 2213 Postquam
607 2144 683 2199 illum
703 2146 759 2198 vita
777 2146 863 2199 victor
884 2145 1009 2213 spoliavit
1028 2145 1158 2213 Achilles,

440 2220 578 2274 Dardanio
598 2223 710 2275 Aeneae
729 2238 789 2274 sose
807 2221 972 2275 fortissimus
989 2220 1068 2273 heros

440 2296 598 2351 Addiderat
617 2298 726 2365 socium,
745 2313 799 2349 non
816 2297 946 2350 inferiora
965 2301 1079 2350 secutus
1260 2308 1297 2352 100

440 2372 496 2427 Sed
513 2376 579 2443 tum,
598 2373 670 2427 forte
689 2389 754 2427 cava
773 2373 839 2426 dum
858 2375 990 2440 personat
1007 2387 1126 2440 aequora
1143 2371 1250 2438 concha,

440 2450 567 2518 Demens,
587 2454 616 2504 et
633 2452 716 2504 cantu
733 2453 813 2504 vocat
830 2450 857 2503 in
877 2450 1026 2503 certamina
1044 2448 1127 2516 divos,

441 2526 573 2579 Aemulus
592 2530 738 2595 exceptum
758 2526 861 2595 Triton,
881 2526 903 2579 si
922 2525 1036 2580 credere
1055 2524 1167 2593 dignum
1185 2527 1236 2590 est

440 2601 519 2656 Inter
538 2619 603 2656 saxa
622 2603 709 2656 virum
730 2620 856 2672 spumosa
876 2603 1038 2656 inmerserat
1055 2601 1135 2656 unda

440 2677 513 2746 Ergo
531 2695 625 2732 omnes
643 2695 741 2747 magno
760 2680 861 2733 circum
880 2679 996 2732 clamore
1014 2677 1176 2737 fremebant,
1261 2688 1297 2732 100

441 2755 591 2823 Praecipue
608 2755 669 2822 pius
689 2757 806 2811 Aeneas.
842 2755 911 2808 Tum
929 2754 1003 2809 iussa
1021 2753 1145 2820 Sibyllae,

440 2831 526 2885 Haud
543 2846 627 2898 mora,
645 2831 779 2886 festinant
798 2833 903 2897 flentes,
924 2846 1054 2898 aramque
1072 2829 1206 2898 sepulchri

440 2908 596 2975 Congerere
614 2906 758 2960 arboribus
776 2908 905 2974 caeloque
925 2906 1042 2959 educere
1061 2906 1174 2960 certant.

440 2984 503 3037 Itur
519 2985 548 3038 in
565 2984 708 3053 antiquam
727 2983 829 3051 silvam,
849 2982 957 3035 stabula
977 2981 1033 3034 alta
1051 2981 1179 3046 ferarum,

440 3060 626 3115 Procumbunt
644 3061 745 3130 piceae,
764 3062 842 3113 sonat
860 3059 915 3112 icta
933 3057 1072 3112 securibus
1089 3056 1150 3124 ilex,
1260 3070 1297 3110 1so

440 3136 646 3208 Fraxineaeque
664 3137 758 3190 trabes
776 3136 869 3189 cuneis
889 3138 917 3189 et
935 3134 1018 3187 fissile
1035 3132 1120 3187 robur

440 3212 586 3282 Scinditur,
605 3214 754 3268 advolvunt
772 3211 892 3281 ingentis
910 3209 1048 3264 montibus
1066 3224 1153 3262 ornos.

440 3289 570 3343 Necnon
589 3294 699 3345 Aeneas
718 3306 801 3358 opera
820 3288 894 3341 inter
912 3286 979 3341 talia
997 3285 1101 3355 primus

441 3362 578 3420 Hortatur
595 3367 688 3431 socios,
708 3366 875 3435 paribusque
893 3363 1045 3432 accingitur
1063 3360 1151 3416 armis.

441 3442 537 3512 Atque
554 3444 622 3497 haec
639 3444 699 3511 ipse
717 3458 766 3495 suo
783 3440 859 3495 tristi
876 3457 938 3495 oum
957 3439 1039 3494 corde
1057 3438 1177 3503 volutat,
1261 3447 1305 3483 wi

441 3518 614 3588 Adspectans
632 3519 728 3574 silvam
746 3518 911 3589 inmensam,
928 3516 1022 3573 etsie
1034 3530 1109 3570 noce
1121 3510 1281 3580 precatura

430 3593 464 3646 si
479 3611 553 3648 nunc
570 3611 601 3649 se
618 3594 701 3651 nobis
719 3597 768 3653 ille
788 3614 896 3654 aureus
914 3594 1025 3652 arbore
1040 3601 1147 3650 ramur

422 3664 565 3725 Ostendat
580 3687 703 3729 nemore
724 3674 754 3731 in
774 3678 884 3734 100001
905 3672 1034 3745 quando
1052 3663 1160 3747 omm'u
1172 3664 1254 3705 *³⁹³⁶
