3467 4367
447 620 495 667 aas
649 583 651 588 ’
683 619 712 668 Ρ.
730 615 884 666 vnac1n1
901 615 1067 667 Minonis

447 699 595 753 Tantorum
613 701 734 770 inpensis
752 714 881 767 operum3
901 697 938 750 nil
958 697 1030 752 dona
1046 714 1136 769 neque
1153 712 1252 751 aurum

447 774 507 829 Nee
524 793 636 843 magnas
654 776 771 830 valuisse
788 789 897 841 preces;
921 774 975 827 alia
993 791 1069 829 arma
1087 772 1194 829 Latinis

448 852 618 919 Quaerenda,
636 855 685 906 aut
702 866 797 920 pacem
815 849 931 902 'lboiano
949 849 984 903 ab
1002 868 1068 921 rege
1085 848 1245 921 petendum.
1262 859 1300 902 aas

447 927 549 980 Deficit
566 927 671 995 ingenti
689 928 765 981 luctu
783 941 833 979 rex
849 925 910 994 ipse
929 926 1049 984 Latinus.

448 1003 572 1057 Fatalem
591 1003 704 1057 Aenean
722 1001 867 1056 manifesto
883 1001 996 1057 numine
1012 1002 1078 1057 ferri

448 1079 590 1133 Admonet
606 1079 648 1132 ira
667 1080 750 1133 deum
767 1077 920 1144 tumulique
938 1082 1002 1132 ante
1020 1096 1068 1133 ora
1084 1080 1217 1133 recentes.

449 1152 521 1222 Ergo
539 1154 683 1208 concilium
699 1170 828 1222 magnum
845 1153 1002 1223 primosque
1021 1171 1131 1209 suorum

449 1230 559 1298 Inperio
576 1231 679 1284 accitos
697 1230 753 1284 alta
770 1230 844 1283 intra
862 1227 956 1283 limina
973 1231 1052 1299 cogit.
1263 1246 1300 1285 aas
1337 1269 1340 1275 ·

449 1307 502 1359 Olli
522 1323 679 1375 convenere,
699 1308 841 1374 fluuntque
860 1304 896 1358 ad
913 1306 990 1373 regia
1007 1307 1095 1376 plenis

448 1384 531 1438 Tecta
548 1384 607 1437 viis.
643 1383 728 1438 Sedet
745 1383 773 1435 in
791 1381 890 1436 mediis
908 1384 936 1434 et
954 1398 1097 1437 maxumus
1115 1396 1182 1435 aevo

449 1460 485 1513 m
503 1461 608 1529 primus
625 1461 747 1529 sceptris,
764 1457 839 1512 haud
856 1458 929 1511 laeta
946 1458 1043 1527 fronte,
1062 1458 1182 1513 Latinus.

449 1539 544 1605 Atque
561 1537 606 1592 hic
622 1534 848 1612 legatos0Aetola
866 1550 900 1587 ex
918 1534 986 1588 urbe
1004 1536 1137 1604 remissos,
1179 1531 1183 1537 ’

449 1613 524 1676 Quae
541 1615 669 1680 referant,
686 1612 739 1665 fari
756 1610 840 1678 iubet,
859 1614 1036 1680 et-responsa
1053 1612 1174 1680 reposcit
1262 1628 1299 1669 aso

449 1688 552 1742 Ordine
570 1693 667 1742 cuncta
685 1705 740 1741 suo.
776 1687 845 1740 'lum
862 1687 936 1739 facta
953 1686 1062 1741 silentia
1078 1688 1185 1757 linguis,

450 1765 486 1817 Et
505 1765 627 1818 Venulus
646 1765 719 1818 dicto
737 1779 836 1832 parens
854 1763 893 1816 ita
910 1762 994 1816 farier
1011 1764 1086 1818 infit:

484 1840 619 1907 Vidimus,
638 1857 654 1893 ο
672 1840 751 1907 cives,
770 1838 933 1892 Diomedem
953 1838 1111 1908 Argivaque
1129 1845 1226 1911 castra,

452 1918 545 1984 Atque
562 1916 616 1969 iter
633 1917 735 1969 emensi
753 1931 830 1969 maus
849 1916 1035 1983 superavimus
1053 1916 1147 1984 omnis,
1170 1936 1172 1939 ’

450 1991 674 2062 Contigimusque
691 2008 808 2059 manum,
827 2008 882 2059 qua
899 1991 1016 2045 concidit
1035 1992 1087 2045 Ilia
1104 1992 1193 2047 tellus.
1262 2010 1300 2049 aas

450 2067 502 2120 Ille
520 2068 616 2121 urbem
637 2068 800 2137 Argyripam
818 2067 925 2137 patriae
943 2069 1100 2136 cognomine
1116 2068 1208 2137 gentis

451 2143 547 2197 Victor
564 2145 683 2212 Gargani
703 2144 838 2199 condebat
857 2144 968 2212 Iapygis
985 2144 1065 2211 agris.

451 2218 599 2288 Postquam
617 2221 776 2289 introgressi
795 2223 824 2274 et
842 2236 933 2273 coram
951 2218 1017 2272 data
1034 2220 1111 2289 copia
1127 2220 1210 2291 fandi,

449 2294 565 2349 Munera
582 2298 769 2365 praeferimus,
788 2313 887 2350 nomen
905 2296 1078 2365 patriamque
1096 2296 1241 2364 docemus;

450 2371 503 2435 Qui
515 2370 616 2425 bellum
630 2373 779 2440 intulerint,
789 2389 860 2440 quae
873 2389 968 2425 caussa
979 2374 1126 2427 attraxerit
1141 2375 1229 2442 Arpos
1264 2389 1301 2428 aso

451 2446 563 2501 Auditis
581 2449 627 2502 ille
644 2449 711 2502 haec
727 2447 835 2518 placido
852 2448 892 2501 sic
909 2448 1031 2501 reddidit
1048 2465 1108 2502 ore:

450 2523 473 2575 0
492 2522 647 2577 fortunatae
663 2529 767 2592 gentes,
786 2523 915 2577 Saturnia
932 2540 1023 2592 regna,

450 2599 567 2668 Antiqui
585 2600 707 2667 Ausonii,
726 2616 797 2667 quae
814 2615 862 2653 vos
879 2599 989 2653 fortuna
1007 2598 1115 2667 quietos

448 2674 592 2741 Sollicitat,
612 2674 764 2744 suadetque
782 2675 876 2743 ignota
894 2674 1027 2728 lacessere
1044 2673 1133 2729 bellal

450 2750 620 2819 Quicumque
638 2751 736 2804 Iliacos
753 2752 826 2804 ferro
844 2750 1003 2803 violavimus
1021 2766 1145 2818 egroa-
1265 2766 1302 2807 cst

450 2826 533 2880 Mitto
551 2844 589 2893 oa,
608 2844 678 2896 quae
695 2826 782 2879 muris
799 2825 926 2879 bellando
945 2826 1079 2880 exhausta
1096 2827 1147 2881 sub
1165 2826 1238 2896 altis,

450 2903 523 2968 Quos
542 2903 640 2956 Simois
657 2905 765 2970 premat
781 2902 827 2955 ille
845 2901 1062 2955 viros—infanda
1078 2919 1129 2972 per
1146 2902 1242 2957 orbem

449 2978 588 3048 Supplicia
605 2983 635 3033 et
652 2979 784 3031 scelerum
800 2994 902 3045 poenas
921 2978 1101 3047 expendimus
1119 2995 1220 3046 omnes,

451 3054 503 3107 Vel
523 3056 631 3109 Priamo
649 3054 803 3108 miseranda
820 3070 931 3119 manum
949 3054 1001 3108 scit
1019 3054 1100 3108 triste
1118 3054 1261 3109 Minervae

450 3130 532 3183 Sidus
550 3134 579 3184 et
598 3131 734 3184 Euboicae
751 3133 845 3183 cautes
862 3129 990 3196 ultorque
1009 3130 1173 3198 Caphereus
1266 3146 1304 3186 aec

451 3206 550 3259 Militia
568 3224 603 3260 ex
620 3207 666 3260 illa
684 3207 822 3260 diversum
841 3205 878 3259 ad
895 3206 961 3259 litus
980 3206 1069 3260 abacti

451 3282 566 3334 Atrides
586 3282 679 3336 Protei
696 3282 837 3335 Menelaus
856 3282 979 3349 adusque
997 3282 1135 3335 columnas

451 3359 572 3425 Exsulat,
594 3359 733 3410 Aetnaeos
752 3358 823 3410 vidit
843 3356 975 3426 Cyclopas
995 3357 1098 3411 Ulixes.

447 3435 548 3502 Regna
566 3433 742 3501 Neoptolemi
762 3433 889 3501 referam,
911 3448 1060 3501 versosque
1077 3431 1186 3502 penatis

432 3511 605 3568 Idomenei?
627 3510 770 3580 Libycone
788 3509 948 3566 habitantis
959 3508 1046 3562 litore
1058 3508 1179 3560 bocrusi
1265 3524 1304 3563 aas

418 3589 491 3660 Ipse
510 3592 545 3647 M
542 3609 695 3664 ycenacus
716 3605 893 3664 magnorum
912 3587 1013 3641 ductor
1038 3582 1172 3634 insitivum

415 3665 554 3744 70111'1131'13
579 3672 729 3733 infandae
751 3670 855 3748 prima
873 3666 958 3722 intra
973 3659 1077 3713 limine
1091 3652 1194 3705 bam
