3467 4367
676 614 858 664 AENEIDOS
881 613 950 663 LIB.
975 614 997 663 1.
1241 614 1271 663 87

415 698 607 766 Ductoresque
624 697 698 764 ipsos
716 694 841 764 primum,
860 696 950 763 capita
968 695 1024 749 alta
1041 694 1156 749 ferentis
1259 741 1261 744 .

413 772 551 828 Cornibus
569 772 696 835 arboreis,
715 772 821 840 sternit,
839 775 900 824 tum
918 771 1021 839 volgus,
1039 775 1069 824 et
1086 787 1193 824 omnem
1235 784 1271 823 100

394 846 398 851 ’
413 843 521 903 Miscet
532 864 616 915 agens
634 847 697 899 telis
714 862 826 900 nemora
842 848 916 901 inter
933 847 1047 900 frondea
1064 846 1189 913 turbam;

413 926 441 978 N
443 941 475 979 ec
492 924 568 993 prius
585 922 702 991 absistit,
721 940 803 991 quam
822 927 929 992 septem
947 923 1070 991 ingentia
1087 924 1173 977 victor

413 1000 537 1070 Corpora
548 999 647 1052 fundat
658 998 735 1051 humi
748 1003 777 1052 et
788 1016 932 1053 numerum
945 1016 1006 1053 cum
1020 1000 1134 1053 navibus
1146 1004 1253 1069 aequet

414 1078 489 1131 Hinc
506 1078 617 1145 portum
635 1076 715 1144 petit,
734 1078 762 1128 et
780 1076 864 1127 socios
883 1076 1003 1143 partitur
1019 1076 1047 1128 in
1065 1076 1159 1129 omnis.

414 1153 488 1206 Vina
505 1152 594 1205 bonus
612 1168 683 1220 quae
701 1151 802 1204 deinde
820 1151 895 1205 cadis
913 1155 1040 1205 onerarat
1059 1155 1174 1206 Acestes
1235 1168 1271 1208 101

415 1230 510 1283 Litore
529 1228 666 1281 Trinacrio
685 1228 856 1297 dederatque
874 1227 1037 1281 abeuntibus
1054 1228 1142 1296 heros,

415 1305 529 1371 Dividit,
548 1308 577 1357 et
595 1303 677 1358 dictis
695 1305 844 1357 maerentia
861 1308 973 1371 pectora
990 1305 1104 1360 mulcet:

450 1382 474 1435 Ο
488 1382 682 1449 socii-neque
694 1381 766 1434 enim
778 1381 865 1447 ignan'
878 1398 971 1434 sumus
983 1385 1047 1435 ante
1059 1382 1228 1435 malorum-

414 1459 439 1511 0
459 1458 532 1527 passi
548 1457 681 1525 graviora,
700 1456 778 1509 dabit
797 1457 865 1510 deus
883 1458 926 1510 his
945 1475 1054 1526 quoque
1072 1459 1161 1512 finem.

415 1535 474 1589 Vos
493 1537 521 1587 et
540 1533 688 1602 Scyllaeam
706 1532 810 1585 rabiem
828 1534 991 1603 penitusque
1009 1533 1129 1587 sonantis
1233 1549 1270 1588 auo

416 1610 543 1664 Aeeestis
560 1610 691 1679 scopulos,
710 1626 757 1663 vos
776 1613 804 1661 et
824 1609 949 1679 Cyclopia
967 1627 1033 1669 saxa

415 1686 545 1754 Experti:
567 1689 694 1739 revocate
711 1686 821 1751 animos,
840 1690 1028 1754 maestumque
1046 1688 1174 1742 timorem

415 1763 536 1817 Mittite:
557 1763 648 1816 forsan
667 1761 780 1815 ethaeo
798 1762 861 1815 olim
881 1763 1036 1816 meminisse
1052 1764 1163 1818 iuvabit.

416 1838 472 1893 Per
490 1838 579 1891 varios
597 1854 682 1906 easus,
700 1855 749 1908 per
768 1841 811 1891 tot
828 1837 985 1891 discrimina
1003 1856 1095 1893 rerum

416 1915 564 1969 Tendimus
582 1916 609 1967 in
628 1915 745 1981 Latium,
765 1914 845 1967 sedes
861 1914 910 1967 nbi
927 1915 984 1969 fata
1002 1916 1109 1984 quietas
1233 1932 1270 1971 100

416 1991 591 2057 Ostendunt3
608 1992 664 2046 illio
681 1992 723 2044 fas
740 2008 825 2059 regua
843 2008 987 2060 resurgere
1006 1992 1109 2047 Troiae.

416 2069 529 2137 Durate,
549 2072 578 2123 et
595 2072 701 2121 vosmet
719 2067 801 2131 rebus
821 2073 928 2121 servate
947 2069 1078 2122 secundis.

451 2145 526 2199 Talia
543 2162 609 2200 voce
626 2145 719 2212 refert,
739 2144 865 2213 cun'sque
883 2145 1039 2212 ingentibus
1057 2163 1140 2214 aeger

415 2223 499 2292 Spem
517 2222 592 2276 voltu
610 2221 726 2288 simulat,
745 2221 846 2288 premit
865 2221 951 2274 altum
970 2222 1051 2275 corde
1070 2223 1198 2276 dolorem.

416 2299 462 2353 Illi
480 2317 509 2353 se
526 2298 646 2367 praedae
664 2299 810 2366 accingunt
828 2296 998 2367 dapibusque
1016 2298 1127 2352 futuris:
1233 2314 1270 2353 110

415 2376 537 2444 Tergora
554 2376 696 2443 deripiunt
713 2375 795 2429 costis
815 2378 843 2428 et
861 2374 965 2428 viscera
983 2375 1103 2439 nudaut3

415 2452 485 2507 Pars
501 2454 530 2506 in
547 2454 635 2506 frusta
653 2455 745 2506 secant
763 2451 928 2519 veribusque
946 2452 1092 2505 trementia
1109 2452 1212 2519 figunt3

414 2529 510 2583 Litore
526 2546 595 2583 aena
612 2530 702 2583 locant
720 2529 771 2596 alii,
790 2528 968 2597 flammasque
988 2528 1152 2581 ministrant

414 2606 484 2659 Tum
502 2605 577 2660 victu
594 2610 722 2659 revocant
739 2606 812 2673 viris,
832 2606 941 2674 fusique
960 2622 1010 2674 per
1026 2604 1139 2658 herbam

414 2682 562 2750 Inplentur
579 2684 679 2736 veteris
698 2682 799 2736 Bacchi
817 2684 981 2752 pinguisque
1000 2682 1110 2734 ferinae.
1233 2695 1269 2735 215

415 2759 565 2828 Postquam
584 2762 711 2827 exempta
728 2760 815 2813 fames
834 2760 922 2828 epulis
940 2767 1105 2825 mensaeque
1122 2762 1252 2826 remotae,

414 2835 637 2904 Amissoslongo
656 2836 741 2889 socios
761 2852 886 2889 sermone
905 2836 1058 2905 requirunt,
1100 2837 1108 2844 ’

414 2914 553 2981 Spemque
571 2917 729 2981 metumque
747 2912 821 2968 11111
839 2912 922 2977 dubii,
942 2930 991 2966 seu
1008 2912 1100 2965 vivero
1117 2911 1241 2979 credant,

414 2989 479 3044 Sive
497 2993 622 3043 extrema
639 2990 698 3059 pati
715 3002 766 3045 nee
783 2990 837 3044 iam
856 2990 986 3043 exaudire
1004 2991 1119 3042 vocatos.

415 3066 567 3135 Praecipue
584 3065 647 3136 pius
667 3068 776 3121 Aeneas
794 3084 865 3120 nune
884 3067 953 3120 acris
972 3064 1079 3131 Oronti,
1234 3078 1270 3117 aaa

415 3143 442 3196 N
445 3160 496 3197 une
515 3143 613 3212 Amyci
631 3160 723 3197 casum
741 3143 828 3211 gemit
845 3147 875 3196 et
893 3141 1014 3196 crudelia
1032 3156 1122 3193 seeum

415 3218 487 3272 Fata
505 3219 577 3289 Lyci,
594 3220 750 3289 fortemque
769 3221 854 3289 Gyan,
873 3220 1027 3286 fortemque
1046 3214 1216 3270 Cloanthum.

451 3294 488 3349 nt
504 3296 559 3350 iam
577 3296 638 3349 finis
657 3301 724 3365 erat,
742 3314 803 3350 eum
822 3296 948 3365 Iuppiter
965 3294 1076 3347 aethere
1095 3306 1200 3345 summo

416 3372 576 3441 Despieiens
593 3389 668 3426 mare
686 3373 829 3427 velivolum
848 3375 991 3440 terrasque
1009 3369 1123 3423 iacentis

416 3449 567 3517 Litoraque
585 3454 614 3503 et
632 3449 702 3503 latos
719 3450 841 3519 populos,
860 3448 899 3503 sio
915 3446 1022 3502 vertice
1040 3445 1112 3501 caeli
1243 3454 1287 3491 ‘aa

414 3525 544 3577 Constitit
561 3529 590 3579 et
607 3525 714 3595 Libyae
732 3526 834 3582 defixit
849 3526 962 3583 lumina
976 3524 1088 3594 regnis.

399 3598 498 3679 Atque
513 3599 593 3653 illum
613 3602 678 3656 talis
697 3604 861 3663 iactantem
881 3609 1006 3681 pectore
1027 3615 1119 3657 11111
1184 3616 1185 3619 ’

390 3667 509 3723 Tnstior
525 3679 557 3728 et
574 3677 704 3735 lacrimis
725 3684 827 3743 oculos
846 3687 971 3745 suffusa
986 3677 1125 3739 nitentis
