3467 4367
730 638 940 688 enoneleon
960 638 1029 689 LIB.
1049 638 1087 688 II.
1307 642 1336 687 39

482 723 649 789 Exspectant
666 722 696 773 et
713 718 773 772 vira
791 735 841 772 sua
857 720 993 788 plantaria
1011 721 1102 783 terra3

482 798 527 851 Nil
546 798 651 850 radicis·
662 798 746 863 egent
763 796 839 861 aliae,
858 811 1047 864 summumque
1065 798 1177 865 putator

482 873 565 927 Haud
584 872 692 926 dubitat
709 875 801 925 terrae
820 871 942 925 referens
959 872 1090 925 mandare
1108 888 1249 937 cacumen3

480 950 551 1014 Quin
569 953 598 1003 et
616 948 771 1001 caudicibus
789 947 1030 1000 scetis-mirabile
1049 948 1160 1002 dietu—
1311 962 1337 1003 ao

480 1026 610 1079 Truditur
628 1042 644 1078 e
662 1026 730 1077 sicco
749 1025 828 1077 radix
847 1024 971 1091 oleagina
989 1025 1076 1092 ligno;

480 1102 517 1155 nt
535 1117 617 1169 saepe
634 1100 746 1154 alterius
764 1118 854 1154 ramos
872 1100 974 1168 inpune
992 1101 1116 1154 videmus

480 1178 597 1232 Vertere
614 1178 640 1229 in
660 1177 780 1245 alterius,
799 1180 988 1245 mutatamque
1005 1177 1086 1230 insita
1103 1179 1175 1231 mala

479 1248 565 1308 Ferre
582 1255 680 1322 pirum,
698 1256 728 1306 et
745 1255 839 1321 prunis
856 1252 981 1321 lapidosa
998 1253 1143 1307 rubescere
1160 1269 1248 1308 corna

513 1330 603 1395 Quare
622 1331 695 1397 agite
713 1347 737 1397 o,
756 1330 881 1397 proprios
898 1330 1051 1397 generatim
1070 1329 1165 1383 discite
1183 1330 1277 1398 cultus,
1310 1347 1335 1387 as

480 1408 630 1475 Agricolae,
650 1408 809 1475 fructusque
828 1407 902 1459 feros
919 1405 1023 1459 mollite
1042 1407 1162 1472 colendo,

478 1483 541 1536 Neu
559 1499 656 1551 segnes
674 1484 781 1535 iaceant
793 1487 897 1535 terrae.
935 1482 1017 1534 Iuvat
1037 1482 1142 1536 Ismara
1160 1484 1266 1538 Baccho

478 1560 637 1627 Conserere,
655 1562 738 1627 atque
757 1560 817 1612 olea
833 1575 964 1627 magnum
983 1558 1084 1612 vestire
1104 1559 1265 1615 Taburnum.

478 1635 573 1704 Tuque
590 1636 664 1703 ades,
681 1636 876 1704 inceptumque
893 1651 947 1688 una
965 1634 1080 1688 decurre
1097 1636 1225 1701 laborem,

477 1710 502 1766 Ο
522 1712 613 1779 decus,
631 1728 647 1765 o
665 1712 754 1766 famae
773 1713 871 1765 merito
890 1728 954 1781 pars
972 1729 1100 1765 marinna
1118 1716 1234 1779 nostrae,
1310 1724 1336 1765 ao

479 1786 629 1855 Maecenas,
648 1788 799 1857 pelagoque
817 1789 911 1842 volans
930 1788 966 1841 da
984 1789 1044 1841 vela
1062 1789 1175 1858 patenti.

478 1865 540 1918 Non
558 1881 608 1933 ego
627 1868 726 1919 cuncta
744 1866 812 1918 meis
830 1865 958 1933 amplecti
977 1865 1100 1919 versibus
1118 1868 1189 1933 opto,

478 1942 549 2008 Non,
566 1942 632 1994 mihi
650 1942 673 1994 si
690 1940 799 2008 linguae
817 1945 926 1994 centnm
946 1942 1006 2005 sint,
1025 1958 1126 2010 oraque
1143 1944 1260 2006 eentum,

478 2018 581 2071 Ferrea
597 2033 665 2081 rox;
683 2017 757 2084 ades,
776 2020 805 2071 ct
823 2018 904 2086 primi
922 2018 982 2084 lege
1000 2017 1088 2070 litoris
1106 2034 1196 2083 oram,

479 2092 513 2147 In
530 2092 654 2145 manibus
671 2095 779 2159 terrae3
797 2110 851 2146 non
869 2094 913 2147 hie
931 2097 960 2146 te
977 2094 1097 2146 camnine
1115 2094 1179 2147 licto
1280 2145 1284 2153 ,
1309 2106 1334 2145 aa

479 2172 572 2237 Atque
589 2186 640 2237 per
658 2169 789 2237 ambages
807 2172 836 2223 et
854 2170 935 2236 longa
953 2186 1050 2223 exorsa
1068 2169 1175 2223 tenebo.

513 2245 615 2313 Sponte
634 2261 683 2299 sna
700 2262 769 2313 quae
789 2262 818 2298 se
836 2244 938 2298 tollunt
955 2244 984 2296 in
1002 2244 1110 2298 luminis
1128 2261 1196 2309 oras,

479 2320 630 2375 infecunda
647 2321 765 2389 quidem,
783 2321 833 2374 sed
851 2321 925 2373 laeta
943 2323 972 2374 et
992 2321 1075 2373 fortia
1093 2322 1223 2388 surgunt3

479 2397 585 2464 Quippe
596 2397 655 2450 solo
666 2393 765 2450 natura
777 2397 880 2449 subest.
919 2396 1021 2450 Tamen
1034 2396 1102 2451 haee
1113 2413 1228 2465 quoque,
1241 2399 1262 2449 si
1275 2397 1335 2466 quis

479 2473 596 2541 luserat,
616 2476 664 2527 aut
682 2472 822 2526 scrobibus
839 2472 953 2526 mandet
971 2478 1078 2527 mutata
1096 2474 1222 2541 subactis,
1309 2486 1335 2527 so

479 2549 614 2602 Exucrint
632 2550 785 2602 silvestrem
803 2550 931 2615 animum,
950 2550 1079 2619 cultuque
1097 2550 1233 2618 frequenti

479 2625 716 2693 In'quascumque
734 2642 813 2678 rocos
832 2626 900 2678 artis
917 2625 992 2679 haud
1010 2626 1091 2679 tarda
1109 2630 1262 2695 sequentur.

478 2701 538 2755 Nee
555 2717 608 2754 non
627 2704 656 2754 ct
674 2702 781 2768 sterilis,
800 2718 870 2770 quae
890 2702 1020 2770 stirpibus
1038 2704 1095 2757 exit
1111 2703 1146 2757 ab
1163 2704 1232 2771 imis,

478 2776 541 2831 Hoc
557 2776 646 2843 faciet,
665 2793 763 2831 vacrios
781 2778 804 2831 si
822 2778 859 2831 sit
878 2778 985 2845 digesta
1003 2796 1054 2847 per
1072 2796 1168 2848 agros;

478 2854 559 2909 Nune
577 2854 650 2908 altae
668 2854 778 2907 frondes
796 2858 825 2907 et
842 2854 911 2907 rami
929 2856 1025 2909 matris
1044 2860 1166 2924 opacant,
1311 2870 1337 2909 to

479 2930 674 2999 crescentique
693 2930 819 2983 adimunt
836 2930 918 2998 fetus,
937 2936 1073 3001 uniatque
1090 2932 1232 2986 ferentem.

480 3007 547 3073 lam,
566 3024 637 3075 quae
656 3006 804 3059 seminibus
821 3006 899 3059 iactis
917 3023 946 3060 se
965 3008 1075 3061 sustulit
1092 3009 1180 3077 arbos,

479 3083 569 3136 Tarda
586 3083 667 3146 venit,
687 3083 755 3136 seris
772 3083 879 3136 factura
897 3085 1042 3153 nepotibus
1059 3085 1191 3155 rnnbram,

480 3159 619 3228 Pomaque
638 3159 808 3227 degenerant
827 3176 905 3214 sucos
924 3160 1009 3214 oblita
1027 3161 1138 3230 priores,

479 3235 518 3289 Et
535 3236 734 3303 turpis-aribus
753 3235 884 3303 praedam
902 3237 956 3290 fert
973 3254 1026 3290 uva
1044 3254 1171 3294 racemos.
1310 3252 1336 3290 eo

514 3311 622 3365 Scilicet
640 3311 764 3365 omnibus
782 3315 825 3365 cst
842 3311 921 3365 labor
938 3314 1135 3381 inpendendus,
1153 3319 1182 3369 et
1200 3330 1294 3367 omnes

481 3388 625 3456 Cogendae
642 3390 670 3441 in
689 3390 800 3455 sulcum,
819 3405 850 3441 ae
867 3389 956 3442 multa
973 3392 1100 3444 mercede
1117 3390 1275 3444 domandae.

480 3462 536 3518 Sed
554 3466 657 3518 truncis
674 3465 750 3519 oleae
768 3465 872 3533 melius,
892 3467 1039 3534 propagine
1057 3468 1127 3521 vites

481 3539 668 3608 Respondent,
687 3542 773 3594 solido
792 3542 913 3610 Paphiae
931 3543 967 3596 de
985 3543 1083 3597 robore
1101 3548 1222 3612 myrtus,

481 3613 585 3668 Plantis
602 3620 631 3670 et
649 3617 734 3671 durae
752 3618 835 3688 coryli
853 3622 1018 3688 nascuntur,
1034 3624 1067 3674 et
1080 3622 1185 3688 ingens
1336 3624 1366 3659 ab

476 3689 617 3759 namus,
636 3693 851 3769 Herculeaeque
870 3698 959 3755 arbos
974 3699 1119 3754 umbrosa.
1134 3704 1273 3753 eorem
