3467 4367
563 664 578 678 ν
669 640 859 691 Bucomos.
889 640 1024 691 2012.st
1264 640 1279 685 3
1324 690 1326 695 ,

422 723 491 776 Pars
509 720 647 790 Scythiam
665 724 695 775 et
711 721 839 790 rapidum
857 720 958 777 Oretae
975 720 1115 776 veniemus
1133 718 1236 788 Oaxen,

422 799 458 853 ut
475 798 585 868 penitus
601 799 662 851 toto
680 796 781 851 divisos
798 798 865 851 orbe
884 797 1040 852 Britannos.

384 928 399 941 ,
423 876 464 928 En
481 890 611 942 umquam
628 874 733 942 patrios
750 873 831 941 longo
847 877 911 942 post
928 876 1054 941 tempore
1071 872 1141 941 linis,

421 949 555 1019 Pauperis
572 952 603 1003 et
619 948 715 1017 tuguri
732 952 891 1016 congestum
908 950 1029 1018 caespite
1045 948 1161 1015 eulmen,

423 1028 490 1081 Post
506 1025 619 1094 aliquot,
636 1042 699 1079 mea
714 1041 800 1092 regna
816 1024 920 1093 videns,
938 1023 1059 1078 mirabor
1075 1023 1196 1079 aristaei
1253 1036 1279 1077 ro

422 1103 528 1172 Impius
544 1102 613 1155 haec
629 1104 688 1155 tam
706 1101 780 1155 culta
797 1100 904 1154 novalia
920 1100 1000 1155 miles
1018 1099 1153 1155 habebiti

423 1179 560 1235 Barbarus
577 1178 627 1233 has
644 1178 773 1246 segetesi
790 1192 833 1244 en,
850 1192 905 1245 quo
923 1176 1061 1231 discordia
1078 1176 1144 1231 civis

423 1255 556 1310 Produxit
573 1253 703 1309 miseros!
721 1270 763 1322 en,
781 1253 842 1321 quis
859 1252 1029 1307 oonsevimus
1046 1255 1144 1321 agros!

422 1333 517 1386 Insere
533 1347 612 1399 nuno,
630 1329 773 1397 Meliboee,
790 1329 873 1398 piros,
890 1344 961 1398 pone
979 1328 1075 1382 ordine
1092 1328 1164 1383 ritis.

421 1408 467 1463 Ite
483 1424 568 1475 meae,
584 1406 651 1460 felix
669 1406 806 1474 quondam
824 1421 914 1473 pecus,
932 1405 972 1459 ite
989 1405 1117 1473 capellae.
1251 1416 1278 1459 re

418 1481 483 1538 Non
500 1499 551 1551 ego
569 1498 617 1536 vos
634 1481 755 1550 posthae,
772 1480 854 1535 viridi
871 1482 1010 1549 proiectus
1027 1481 1056 1533 in
1073 1483 1161 1549 antro,

418 1560 542 1615 Dumosa
558 1558 679 1627 pendere
695 1557 790 1628 procul
808 1558 843 1612 de
861 1573 930 1627 rupe
948 1555 1065 1622 videbo;

418 1634 547 1691 (larmina
562 1634 637 1688 nulla
653 1651 763 1700 aanam;
780 1651 841 1703 non,
857 1650 903 1688 me
920 1636 1057 1701 pascente,
1074 1632 1203 1701 capellae,

420 1712 576 1765 Florentem
593 1710 709 1779 cytisum
726 1713 755 1764 et
772 1710 867 1764 salices
885 1708 1003 1777 carpetis
1020 1725 1133 1762 amaras

423 1786 453 1841 Τ.
471 1786 526 1841 Hie
536 1790 629 1841 tamen
640 1786 710 1840 hana
720 1802 827 1839 meeum
838 1790 949 1855 poteras
961 1785 1134 1853 requiesoere
1145 1787 1255 1839 noctem

419 1862 531 1916 Fronde
547 1879 630 1931 super
647 1861 745 1917 viridi:
768 1866 832 1917 sunt
843 1861 923 1916 nobis
939 1860 1018 1915 mitia
1034 1875 1123 1929 poma,
1251 1874 1275 1913 er
1325 1858 1336 1878 ⁰

419 1938 571 1993 Castaneas
587 1937 690 2005 molles,
708 1941 737 1992 et
754 1938 841 2006 pressi
858 1936 937 2006 copia
953 1936 1049 2001 laetis;

419 2014 456 2069 Ilt
480 2014 535 2068 iam
551 2029 657 2067 summa
673 2013 766 2086 procul
783 2013 908 2066 villarum
926 2012 1044 2066 culmina
1059 2011 1173 2077 fumant,

402 2090 593 2159 'Maioresque
610 2089 712 2145 eadunt
727 2088 792 2148 altis
810 2088 846 2142 de
862 2088 1001 2143 montibus
1018 2086 1138 2142 umbrae

722 2318 910 2377 ECLOGA
941 2318 985 2375 II.

771 2446 914 2496 ALEXIS.

418 2548 580 2603 Fonrrosmr
598 2553 692 2617 pastor
709 2548 834 2619 Corydon
852 2549 969 2605 ardebat
986 2550 1104 2619 Alexim,

420 2624 537 2678 Delicias
554 2624 665 2691 domini,
682 2641 740 2693 neo,
759 2626 827 2694 quid
845 2630 977 2694 speraret,
994 2626 1122 2681 habebat.

417 2702 536 2756 Tantum
552 2700 626 2755 inter
643 2700 749 2765 densas,
767 2701 896 2755 umbrosa
913 2702 1059 2770 aaaurnina,
1076 2702 1153 2770 fagos

419 2776 545 2833 Adsidue
561 2775 698 2830 veniebat
735 2775 780 2829 Ibi
797 2776 864 2831 haec
881 2778 1021 2832 incondita
1038 2778 1111 2832 solus

416 2851 558 2912 Montibus
575 2856 605 2906 et
623 2852 697 2906 silvis
714 2853 807 2907 studio
824 2854 945 2907 iactabat
963 2853 1053 2908 inani:
1260 2866 1273 2907 s

451 2926 476 2982 0
494 2928 613 2983 erudelis
632 2928 722 2997 Alexi,
739 2928 806 2981 nihil
824 2945 886 2982 mea
903 2929 1023 2982 camnina
1040 2930 1140 2983 curasi

414 3003 464 3074 llil
481 3004 568 3059 nostri
586 3005 735 3059 misererei
754 3005 824 3058 mori
841 3021 886 3058 me
905 3004 1024 3073 denique
1043 3021 1131 3073 coges.

416 3080 443 3134 N
444 3097 497 3135 una
514 3077 735 3149 etiam'peoudes
751 3080 863 3133 umbras
881 3083 911 3134 et
927 3081 1030 3148 frigora
1046 3083 1175 3149 captant3

416 3156 496 3211 Nunc
512 3156 608 3210 viridis
625 3155 708 3210 etiam
726 3157 863 3211 occultant
881 3156 988 3224 spineta
1003 3156 1128 3222 lacertos,

380 3255 383 3261 ’
415 3232 552 3301 Thestylis
569 3236 598 3286 et
616 3232 712 3300 rapido
730 3232 808 3285 fessis
825 3231 991 3286 messoribus
1009 3235 1089 3286 aestu
1249 3242 1274 3283 ro

418 3309 491 3365 silis
507 3308 710 3378 serpyllumque
727 3307 828 3362 herbas
838 3307 989 3362 'contundit
1007 3308 1113 3361 olentis.

416 3385 457 3456 At
473 3400 581 3440 meeum
599 3384 695 3450 raucis,
709 3387 758 3437 tua
775 3383 842 3436 dum
859 3382 976 3450 vestigia
993 3384 1090 3452 lustro,

415 3460 479 3518 Solo
496 3460 549 3515 sub
565 3459 673 3515 ardenti
691 3463 823 3516 resonant
839 3459 959 3516 arbusta
975 3460 1091 3516 deame.

405 3535 506 3589 Nonne
520 3536 576 3591 fiu‘t
592 3537 681 3593 satius
700 3538 794 3596 tristis
815 3538 1008 3611 Amaryllidis
1024 3538 1088 3593 iras

384 3607 493 3686 ΜΗΘ
507 3612 632 3681 ΝΡΘΓὺθ
650 3618 715 3688 pati
735 3619 879 3678 fastidiat
899 3636 1002 3676 nonne
1019 3612 1205 3673 manaan,
1309 3599 1347 3639 ᾖ

384 3679 517 3744 Ommn's
534 3688 584 3775 ille
602 3693 698 3765 niger,
721 3703 865 3769 quamvis
887 3712 925 3757 tu
946 3694 1107 3755 madidus
1126 3680 1240 3741 02⁸&
