3467 4367
462 641 507 685 124
700 637 729 684 P.
749 549 902 684 VERGILl
919 635 1084 684 MARONIS

462 720 497 773 Et
515 724 618 773 terram
636 716 701 771 tabo
718 718 863 771 maculant.
901 716 973 770 Mihi
990 716 1108 785 frigidus
1124 720 1223 775 horror

462 795 587 849 Membra
599 794 697 863 quatit,
709 794 872 862 gelidusque
884 794 939 848 coit
951 793 1098 849 formidine
1110 798 1229 865 sanguis.
1300 816 1324 856 m

461 872 567 926 Rursus
585 878 614 925 et
631 872 743 925 alterius
761 872 867 925 lentum
886 870 1038 925 convellere
1056 872 1147 926 vimen

462 950 596 1018 Insequor
614 953 643 1002 et
661 965 769 1002 caussas
787 948 898 1018 penitus
916 951 1056 1017 temptare
1073 948 1198 1004 latentis:

461 1027 533 1079 Ater
551 1030 579 1079 et
597 1025 710 1078 alterius
729 1026 856 1093 sequitur
875 1024 911 1078 de
928 1026 1031 1079 cortice
1049 1026 1167 1093 sangnis.

461 1101 550 1155 Multa
567 1118 678 1155 movens
696 1103 785 1155 animo
805 1101 947 1170 Nymphas
965 1101 1116 1163 venerabar
1132 1108 1252 1172 agrestis

461 1178 665 1247 Gradivumque
683 1183 797 1247 patrem,
818 1178 922 1232 Getieis
940 1179 987 1247 qui
1004 1178 1146 1247 praesidet
1163 1181 1244 1250 arvis,
1299 1198 1324 1238 ³5

461 1254 527 1307 Rite
545 1254 727 1309 secundarent
745 1255 820 1308 visus
838 1272 973 1323 omenque
990 1254 1120 1309 levarent.

460 1330 554 1384 Tertia
572 1330 622 1383 sed
639 1336 785 1401 postquam
804 1333 907 1385 maiore
924 1331 1033 1385 hastilia
1050 1332 1110 1385 nisu

461 1406 620 1475 Adgredior
637 1408 807 1477 genibusque
827 1409 958 1462 adversae
975 1407 1104 1461 obluctor
1116 1425 1251 1464 arenae-

460 1483 588 1551 Eloquar,
606 1501 641 1537 an
660 1485 925 1554 sileami-gemitus
943 1484 1118 1538 lacrimabilis
1135 1485 1191 1540 imo

461 1559 584 1614 Auditur
601 1562 713 1628 tumulo,
732 1565 761 1615 et
779 1579 830 1615 vox
850 1562 961 1615 reddita
978 1561 1068 1615 fertur
1085 1560 1120 1614 ad
1138 1564 1228 1617 auris:
1299 1578 1323 1619 to

461 1635 535 1701 Quid
552 1638 687 1704 miserum,
708 1641 810 1704 Aenea,
829 1638 948 1691 laeerasl
966 1638 1021 1691 lain
1039 1654 1122 1707 parce
1140 1639 1265 1706 sepulte;

461 1711 547 1766 Parce
565 1714 623 1781 pias
642 1713 776 1767 scelerare
795 1731 898 1767 manns.
937 1714 963 1766 N
966 1730 1001 1767 on
1018 1730 1063 1767 me
1080 1713 1132 1767 tibi
1151 1714 1234 1769 Troia

461 1789 612 1842 Externum
631 1790 701 1856 tulit,
721 1795 769 1844 ant
787 1807 867 1844 eruor
885 1791 930 1845 hio
948 1791 983 1844 de
1001 1791 1094 1860 stipite
1111 1794 1214 1846 manat.

461 1866 540 1919 Heu!
560 1867 624 1933 fuge
642 1867 760 1920 erudelis
777 1871 872 1936 terras,
890 1867 954 1936 fuge
972 1868 1037 1921 litus
1055 1882 1174 1921 avarum.

461 1942 532 1995 Nam
552 1942 702 2010 Polydorus
722 1959 779 2011 ego.
819 1944 873 1997 Hic
890 1944 1025 1997 confixum
1044 1944 1132 1997 ferrea
1149 1942 1225 1999 texit
1296 1960 1320 1999 45

461 2018 587 2071 Telorum
606 2036 683 2087 seges
703 2024 732 2073 et
749 2020 842 2073 iaculis
860 2020 976 2074 increvit
994 2020 1087 2073 acutis.

495 2095 564 2148 Tum
581 2112 646 2148 vero
665 2096 776 2164 ancipiti
794 2100 915 2149 mentem
934 2095 1080 2149 formidine
1098 2111 1210 2164 prossus

461 2170 594 2240 Obstipui,
614 2166 805 2242 steteruntque
825 2190 917 2227 comae
936 2175 965 2227 et
982 2190 1035 2227 vox
1053 2172 1177 2226 faucibus
1193 2172 1293 2229 haesit

461 2246 543 2301 Hune
562 2248 725 2316 Polydorum
744 2249 803 2303 auri
822 2250 960 2317 quondam
978 2266 1039 2303 cum
1057 2248 1179 2318 pondere
1195 2264 1299 2318 magno

461 2323 560 2377 Infelix
579 2325 703 2378 Priamus
720 2325 816 2379 furtim
834 2326 979 2379 mandarat
996 2325 1123 2379 alendum
1295 2341 1323 2381 te

460 2399 584 2453 Threicio
602 2403 668 2469 regi,
687 2419 748 2455 eum
765 2403 819 2455 iam
838 2402 978 2455 diffideret
992 2400 1078 2455 armis

461 2475 615 2530 Dardaniae
633 2479 760 2547 cingique
779 2480 875 2533 urbem
894 2479 1035 2532 obsidione
1053 2477 1167 2533 videret.

417 2569 439 2580 ··
461 2552 520 2618 Ille,
539 2557 570 2605 ut
588 2570 653 2621 opes
670 2553 774 2607 fractae
793 2554 933 2623 Teucrum,
951 2558 981 2609 et
999 2555 1121 2608 Fortuna
1137 2555 1260 2625 recessit,

377 2619 384 2630 ”
461 2627 517 2681 Res
536 2632 766 2696 Agamemnonias
784 2632 958 2700 victriciaque
976 2648 1052 2684 arma
1070 2634 1185 2700 secutus,

460 2703 515 2757 Fas
527 2720 606 2757 omne
618 2703 769 2775 abrumpit3
783 2707 946 2775 Polydorum
959 2708 1111 2775 obtruncat,
1123 2710 1153 2761 et
1165 2722 1232 2762 euro
1295 2723 1321 2765 te

461 2781 497 2833 Vi
514 2781 627 2848 potitur.
663 2782 735 2847 Quid
753 2801 806 2836 non
824 2785 950 2837 mortalia
967 2788 1079 2853 pectora
1096 2782 1177 2851 cogis,

461 2856 531 2910 Auri
550 2861 627 2911 saera
644 2859 746 2915 famosi
785 2860 935 2929 Postquam
954 2877 1038 2929 pavor
1056 2876 1116 2913 ossa
1133 2859 1255 2929 reliquit,

461 2932 587 2987 Delectos
605 2936 697 3005 populi
715 2936 750 2989 ad
767 2953 896 3005 proceres
913 2937 1086 3005 primumque
1103 2940 1247 3003 parentem

460 3008 585 3064 Monstra
603 3011 685 3066 deum
702 3013 797 3077 rosere,
815 3018 851 3081 et,
870 3030 941 3082 quae
959 3014 995 3067 sit
1013 3012 1155 3079 sententia,
1174 3027 1264 3080 poseo.

460 3085 592 3140 Omnibus
609 3087 683 3142 idem
701 3090 815 3156 animus,
834 3090 968 3143 scelerata
986 3090 1120 3144 excedere
1138 3096 1222 3157 terra,
1293 3107 1319 3145 eo

461 3161 558 3230 Linqui
576 3164 711 3232 pollutum
730 3164 886 3234 hospitium,
905 3170 935 3219 et
953 3166 1020 3220 dare
1038 3164 1170 3219 classibus
1187 3169 1306 3222 austros.

460 3236 533 3305 Ergo
550 3240 733 3293 instauramus
753 3241 888 3309 Polydoro
906 3243 1001 3296 funus:
1021 3245 1049 3295 et
1067 3242 1161 3309 ingens

460 3315 612 3381 Aggeritur
628 3317 733 3370 tumulo
751 3317 850 3384 tellus;
868 3323 944 3373 stant
963 3318 1090 3372 Manibus
1108 3332 1180 3384 arae,

459 3389 597 3444 Caeruleis
615 3396 735 3446 maestae
753 3394 829 3446 vittis
847 3398 963 3463 atraque
981 3409 1115 3463 cupresso,

452 3464 495 3517 Et
509 3468 610 3520 circum
628 3468 733 3524 Iliades
752 3470 855 3524 crinem
874 3470 909 3525 de
927 3488 1003 3525 more
1021 3463 1142 3531 selutae3
1293 3484 1319 3523 cs

433 3537 591 3597 Inlemmus
610 3548 710 3618 tepido
729 3550 897 3622 spumantia
913 3547 1025 3621 cymbia
1038 3546 1115 3599 laete

412 3608 573 3679 §bombis
592 3628 626 3680 et
642 3630 722 3686 sacru'
736 3633 866 3703 pateras
896 3630 1083 3693 annumque
1099 3614 1250 3684 ΜΣΝ)

374 3679 571 3774 yOondlmea
595 3709 631 3762 et
648 3724 767 3784 magna
789 3673 977 3784 supr'emum
997 3697 1206 3759 recedemus
