3467 4367
682 628 864 677 AENEIDOS
886 628 955 679 ΜΒ.
978 628 1027 677 IV.
1231 633 1277 680 159

425 712 569 780 Karthago
581 712 629 764 aut
641 709 754 777 antiqua
766 708 856 776 Tyros,
869 707 1048 780 flammaeque
1059 711 1182 765 furentes
1241 723 1278 768 (πο

424 788 550 842 Culmina
567 804 670 855 perque
687 786 826 838 hominum
844 785 987 841 volvantur
1004 806 1109 858 perque
1127 788 1248 841 deorum.

425 864 525 917 Audiit
543 864 681 929 exanimis,
700 861 864 929 trepidoque
883 865 1018 919 exterrita
1036 881 1117 919 eursu
1231 855 1268 889 ἶ

424 939 570 1009 Unguibus
588 956 636 993 ora
654 955 730 993 soror
747 937 860 991 foedans
879 941 908 991 et
925 945 1038 1007 pectora
1055 941 1152 1009 pugnis

425 1016 479 1069 Por
496 1016 601 1069 medios
619 1017 682 1083 ruit,
701 1031 732 1067 ac
750 1014 912 1067 morientem
931 1017 1038 1071 nomine
1056 1017 1167 1071 clamat:

425 1092 486 1145 Hoc
502 1091 578 1159 illud,
596 1108 732 1159 germana,
750 1090 821 1143 fuiti
840 1107 885 1143 me
902 1091 999 1146 fraude
1017 1093 1149 1161 petebasl
1241 1105 1278 1147 ⁶7⁵

424 1168 485 1221 Hoc
503 1184 584 1235 rogus
602 1168 655 1220 iste
672 1167 745 1235 mihi,
764 1166 815 1219 hoc
832 1165 909 1234 ignes
927 1167 1213 1238 araeque-parabantl

424 1244 497 1309 Quid
514 1244 632 1312 primum
651 1243 762 1296 deserta
780 1244 895 1309 querar?
914 1245 1077 1299 comitemne
1096 1262 1215 1299 sororem

423 1321 557 1388 Sprevisti
575 1321 707 1373 moriensi
745 1318 849 1372 Eadem
866 1336 911 1373 me
929 1319 966 1373 ad
983 1321 1041 1375 fata
1058 1337 1181 1375 vocasses
1190 1343 1197 1386 ;

424 1396 504 1449 Idem
522 1396 615 1449 ambas
633 1396 705 1449 ferro
724 1395 808 1463 dolor,
826 1398 910 1463 atque
929 1396 1025 1450 cadem
1043 1397 1111 1451 hora
1127 1397 1242 1452 tulisset.

425 1473 476 1526 His
494 1474 577 1527 etiam
595 1473 684 1526 struxi
702 1472 832 1541 manibus,
850 1474 1008 1542 patriosque
1026 1475 1118 1528 vocavi
1241 1490 1278 1529 oso

423 1548 498 1603 Voce
516 1549 590 1617 deos,
607 1550 645 1602 sic
662 1553 691 1602 tc
708 1553 740 1602 ut
757 1549 845 1619 posita
862 1549 980 1604 crudelis
997 1551 1140 1605 abesseml

424 1626 563 1679 Exstinxti
579 1629 609 1679 te
627 1643 732 1694 meque,
751 1642 834 1693 soror,
852 1626 1037 1695 populumque
1054 1630 1201 1709 pubesque

423 1701 548 1754 Sidonios
565 1701 715 1770 urbemque
732 1706 815 1756 tuam.
853 1704 925 1756 Dato
943 1702 1051 1756 volnera
1068 1702 1190 1771 lymphis,

423 1777 549 1846 Abluam,
568 1781 604 1847 et,
622 1782 761 1833 cxtromus
780 1780 803 1833 si
821 1779 881 1847 quis
901 1796 983 1849 supcr
1000 1778 1102 1834 halitus
1120 1781 1202 1846 errat,
1236 1838 1239 1842 ,

423 1855 479 1908 (ire
495 1855 592 1923 legam.
627 1855 672 1909 Sic
690 1856 747 1909 fata
764 1856 865 1924 gradus
884 1859 1009 1910 ovasorat
1026 1855 1105 1922 altos,
1239 1870 1277 1908 oss

423 1930 669 1999 Semianimemquc
688 1932 747 1985 sinu
764 1949 922 2000 germanam
939 1933 1064 2001 amplexa
1082 1930 1193 1986 fovebat

423 2007 493 2061 (lum
509 2007 622 2074 gemitu,
640 2011 724 2075 atque
742 2013 817 2062 atros
835 2005 956 2062 siccabat
973 2012 1049 2063 veste
1067 2024 1185 2061 cruores.

424 2083 483 2150 Illa,
500 2083 590 2151 gravis
609 2083 699 2138 oculos
717 2087 814 2137 conata
832 2084 967 2150 attollere,
986 2099 1081 2137 rursus

423 2158 538 2225 Deficit;
555 2159 667 2213 infixum
686 2159 780 2213 stridit
797 2160 848 2212 sub
866 2162 979 2228 pectore
996 2159 1100 2212 volnus.
1194 2209 1197 2213 r

422 2234 476 2288 Ter
494 2251 554 2289 sese
571 2236 699 2290 attollens
718 2235 865 2303 cubitoque
883 2235 984 2289 adnixa
1001 2233 1116 2298 levavit3
1240 2248 1277 2288 cao

422 2310 476 2364 Ter
492 2312 617 2365 revoluta
633 2315 695 2365 toro
712 2316 762 2379 est,
782 2312 920 2379 oculisque
939 2309 1094 2364 errantibus
1112 2308 1168 2363 alto

423 2386 562 2450 Quaesivit
579 2388 653 2441 caclo
671 2387 767 2454 lucem,
785 2387 976 2456 ingemuitque
993 2388 1110 2455 roperta.

456 2462 524 2515 'lum
544 2464 613 2517 Iuno
631 2465 808 2533 omnipotens,
825 2465 937 2532 longum
955 2464 1084 2517 miserata
1101 2462 1223 2516 dolorem
1326 2508 1329 2513 .

423 2538 598 2607 Difficilisque
617 2540 715 2609 obitus,
734 2541 802 2595 Irim
821 2540 932 2594 demisit
952 2540 1073 2610 Olympo,

422 2615 498 2677 Quae
509 2615 659 2669 luctantem
671 2616 788 2671 animam
801 2633 942 2686 nexosque
954 2617 1104 2671 resolveret
1116 2620 1199 2671 artus.
1225 2630 1275 2670 <oss

421 2690 447 2743 N
449 2707 493 2743 am
512 2692 575 2759 quia
592 2692 642 2746 nec
659 2694 723 2762 fatu,
742 2694 842 2748 merita
859 2710 909 2747 nec
927 2697 1015 2748 morte
1031 2693 1147 2762 peribat,

421 2765 478 2819 Sed
494 2767 594 2820 misera
612 2772 676 2822 ante
694 2770 774 2837 dienr,
793 2770 940 2838 subitoque
958 2786 1071 2823 accensa
1088 2769 1187 2838 furore,

421 2841 551 2896 Nondum
568 2843 607 2895 illi
624 2843 723 2897 flavum
741 2846 904 2914 Proserpina
921 2847 1023 2899 vertice
1041 2845 1141 2898 crinem

423 2919 594 2987 Abstulerat,
613 2918 760 2989 Stygioque
778 2925 860 2990 caput
878 2920 1056 2974 damnaverat
1074 2921 1153 2975 Orco.

422 2996 496 3063 Ergo
514 2996 568 3049 Iris
586 2996 688 3050 croceis
704 3013 755 3065 por
771 2997 876 3050 caelum
895 2996 1001 3049 roscida
1019 2996 1125 3065 pennis,
1238 3011 1275 3052 roo

422 3070 498 3125 Mille
516 3072 626 3126 trahens
644 3072 733 3125 varios
750 3072 866 3126 advorso
885 3073 942 3126 solo
960 3073 1073 3139 colores,

421 3147 545 3215 Desolat,
563 3152 591 3202 et
610 3165 692 3216 supra
710 3152 792 3217 caput
809 3148 932 3203 adstitit:
953 3148 1034 3202 Hunc
1052 3165 1103 3216 ego
1122 3149 1181 3203 Diti

421 3222 535 3276 Sacrum
552 3224 625 3277 iussa
641 3224 708 3292 foro,
727 3228 811 3293 teque
828 3224 884 3278 isto
901 3240 1014 3293 corpore
1033 3225 1125 3279 solvo?

422 3298 466 3350 Sic
483 3298 529 3365 ait,
547 3302 577 3352 et
593 3298 694 3353 dextra
711 3300 813 3354 crinem
831 3303 919 3355 secat:
938 3300 1024 3353 omnis
1042 3304 1071 3354 et
1088 3318 1141 3355 una

422 3372 549 3441 Dilapsus
567 3374 647 3442 calor,
665 3378 750 3445 atque
767 3376 795 3430 in
813 3379 911 3431 ventos
928 3375 985 3431 vita
1003 3375 1123 3431 recessit.
1238 3391 1274 3435 70⁶
