3467 4367
471 630 518 675 224
706 627 735 675 P.
754 625 910 675 VERGILI
926 625 1094 676 MARCNIS

467 708 576 776 Agmen
593 722 677 776 agens
695 708 810 762 Clausus
828 707 975 777 magnique
991 707 1051 776 ipse
1068 707 1184 777 agminis
1200 708 1297 779 instar,

467 782 582 838 Claudia
598 801 670 837 nunc
686 801 704 837 a
722 800 777 852 quo
795 783 959 837 diffimditur
976 787 1006 838 et
1023 784 1113 838 tribus
1130 787 1160 840 et
1175 802 1245 854 gens

467 860 522 914 Per
545 860 662 927 Latium,
679 864 825 928 postquam
843 860 871 912 in
888 863 996 927 partem
1014 860 1081 914 data
1099 860 1187 915 Roma
1204 861 1321 917 Sabinis

466 936 528 991 Una
545 937 640 1005 ingens
659 936 805 990 Amiterna
822 936 919 990 cohors
936 937 1076 1005 priscique
1094 937 1223 1007 Quirites,
1285 953 1322 994 aro

466 1013 543 1067 Ereti
560 1029 656 1065 manus
674 1013 760 1067 omnis
778 1012 971 1080 oliviferaeque
990 1013 1148 1079 Mutuscae3

466 1088 518 1153 Qui
537 1089 703 1142 Nomentum
721 1088 825 1157 urbem,
844 1088 891 1156 qui
910 1088 999 1141 Rosea
1017 1105 1082 1141 rura
1099 1088 1198 1157 Velini,

465 1165 518 1230 Qui
536 1164 660 1218 Tetricae
679 1163 815 1217 horrentis
833 1181 917 1232 rupes
935 1167 1110 1232 montemque
1129 1164 1262 1219 Severum

466 1240 678 1308 Casperiamque
696 1240 788 1294 colunt
806 1240 973 1308 Forulosque
992 1243 1022 1293 et
1045 1240 1146 1294 flumen
1167 1241 1323 1301 Himellae;

465 1317 519 1382 Qui
531 1316 651 1370 Tiberim
665 1316 847 1385 Fabarimque
858 1315 965 1386 bibunt,
982 1333 1050 1384 quos
1061 1317 1162 1386 Frigida
1173 1317 1250 1373 misit
1284 1332 1335 1374 71⁵*

464 1392 571 1458 Nursia
589 1395 618 1447 et
637 1393 772 1447 Hortinae
790 1393 890 1448 classes
907 1392 1055 1461 populique
1074 1393 1181 1465 Latini;

466 1468 594 1539 Quosque
612 1486 706 1524 secans
723 1470 872 1523 infaustum
891 1469 1013 1522 interluit
1032 1469 1106 1523 Allia
1118 1486 1229 1525 nomen:

465 1546 553 1611 Quam
570 1547 649 1599 multi
668 1546 769 1614 Libyco
787 1546 934 1599 volvuntur
950 1562 1086 1600 marmore
1103 1545 1210 1615 fluctus,

465 1622 568 1676 Saevus
585 1622 633 1675 ubi
653 1622 737 1675 Orion
755 1622 877 1675 hibernis
895 1622 1022 1676 conditur
1038 1621 1135 1687 undis;

465 1698 518 1752 Vel
536 1714 598 1751 cum
615 1698 671 1751 sole
688 1714 757 1751 novo
776 1697 878 1751 densae
895 1700 1037 1751 torrentur
1054 1697 1163 1766 aristae,
1284 1712 1322 1755 aas

466 1775 526 1827 Aut
544 1773 642 1826 Hermi
660 1789 761 1841 campo,
779 1776 827 1825 aut
845 1773 944 1841 Lyciae
962 1773 1125 1827 flaventibus
1142 1773 1221 1827 arvis,

465 1849 550 1904 Scuta
567 1852 671 1916 sonant,
690 1849 826 1917 pulsuque
843 1849 946 1917 pedum
964 1850 1114 1903 conterrita
1129 1848 1219 1903 tellus.

500 1926 574 1979 Hinc
592 1925 831 1993 Agamemnonius,
850 1925 958 1979 Troiani
976 1926 1091 1980 nominis
1108 1925 1203 1994 hostis,

466 2000 556 2056 Curru
572 2001 660 2071 iungit
679 2001 814 2054 Halaesus
832 2018 924 2071 equos,
944 2003 1089 2071 Turnoque
1106 2000 1204 2056 ferocis

465 2078 542 2133 Mille
560 2079 631 2146 rapit
649 2078 768 2147 populos,
787 2081 901 2132 vertunt
918 2077 1008 2132 felicia
1026 2076 1133 2131 Baccho
1283 2093 1321 2134 aas

465 2154 582 2210 Massica
599 2156 646 2223 qui
664 2154 767 2222 rastris,
786 2157 815 2208 et
833 2172 902 2224 quos
920 2155 955 2209 de
974 2154 1088 2230 collibus
1104 2150 1169 2208 altis

467 2233 588 2286 Aurunci
606 2233 704 2286 misere
721 2234 816 2300 patres
835 2231 1008 2300 Sidicinaque
1026 2231 1105 2285 iuxta

466 2309 603 2377 Aequora,
622 2308 723 2376 quique
741 2307 821 2361 Cales
838 2307 973 2377 linquunt,
991 2307 1132 2376 amnisque
1150 2306 1244 2361 vadosi
1280 2349 1285 2359 .

466 2383 567 2437 Accola
586 2383 720 2450 Volturni,
737 2383 897 2452 pariterque
915 2383 1050 2437 Saticulus
1067 2400 1148 2453 asper

465 2459 651 2527 Oscorumque
668 2474 773 2512 manus.
809 2460 922 2513 Teretes
941 2462 1005 2513 sunt
1021 2458 1130 2527 aclydes
1147 2459 1202 2513 illis
1281 2473 1320 2515 rau

465 2534 545 2600 Tela;
563 2534 613 2587 sed
629 2534 697 2587 haec
714 2533 789 2587 lento
807 2550 866 2587 mos
885 2538 928 2589 ost
945 2538 1041 2603 aptare
1057 2535 1171 2605 flagello.

382 2610 384 2613 ⁴
465 2609 569 2663 haevas
586 2612 662 2663 cetra
680 2610 764 2676 tegit3
782 2609 875 2664 falcati
893 2612 1041 2665 comminus
1058 2628 1144 2666 enses

499 2686 525 2738 N
527 2702 558 2739 ec
575 2688 607 2740 tu
624 2684 789 2739 carminibus
806 2686 909 2739 nostris
925 2687 1044 2741 indictus
1062 2687 1157 2756 abibis,
1240 2746 1241 2750 ἵ

465 2761 576 2830 Oebale,
594 2778 675 2830 quem
692 2778 838 2830 generasse
857 2763 940 2816 Telon
959 2763 1107 2818 Sebethide
1124 2762 1244 2833 nympha

465 2839 574 2906 Fertur,
592 2838 738 2893 Teleboum
757 2839 876 2907 Capreas
894 2856 955 2894 cum
972 2857 1057 2908 regna
1074 2844 1190 2908 teneret,
1281 2855 1318 2897 ⁷³⁵

465 2916 524 2969 Iam
543 2916 647 2979 senior;
663 2917 760 2983 patriis
778 2916 828 2970 sed
845 2933 900 2970 nou
918 2921 948 2971 et
965 2917 1036 2970 filius
1053 2918 1125 2970 arvis
1216 2962 1220 2968 .

465 2992 617 3046 Contentus
634 2991 690 3045 late
708 2992 762 3045 iam
781 2996 840 3046 tum
859 2993 966 3047 dicione
982 2992 1126 3062 premebat

465 3068 597 3122 Sarrastis
614 3068 728 3137 populos
746 3072 776 3122 et
794 3085 864 3137 quae
882 3070 955 3137 rigat
972 3086 1092 3138 aequora
1109 3070 1220 3137 Sarnus,

465 3144 572 3212 Quique
581 3144 681 3197 Rufras
689 3144 874 3213 Batulumque
882 3149 979 3200 tenent
986 3150 1070 3214 atque
1082 3163 1148 3199 arra
1161 3146 1316 3214 Celemnae,

463 3220 501 3275 llt
519 3236 586 3288 quos
604 3219 743 3273 maliferae
761 3220 922 3289 despectant
939 3222 1046 3276 moenia
1064 3221 1187 3290 Abellae,
1280 3237 1317 3279 rso

464 3295 611 3349 Teutonico
629 3295 687 3348 ritu
704 3295 776 3349 soliti
795 3299 924 3364 torquere
942 3298 1059 3364 cateias;

463 3371 594 3440 Tegmina
611 3369 672 3440 quis
690 3371 809 3438 capitum
827 3376 923 3440 raptus
941 3373 976 3427 de
993 3374 1091 3428 subere
1108 3378 1211 3443 cortex,

456 3447 640 3515 Aerataeque
656 3445 758 3499 micant
775 3446 873 3516 peltae,
892 3448 975 3502 micat
991 3465 1088 3504 aereus
1105 3450 1184 3504 ensis

476 3523 521 3577 Et
540 3527 570 3579 te
587 3527 738 3581 montosae
756 3525 861 3582 misera
877 3525 909 3581 in
923 3524 1032 3595 proelia
1042 3526 1161 3590 Fersae,

431 3597 532 3671 Usens,
551 3602 705 3680 insignem
722 3606 804 3663 sama
821 3610 856 3664 et
874 3601 1008 3661 lelicibus
1023 3601 1126 3659 armies
1294 3610 1337 3649 'Ab

411 3672 553 3739 Horrida
571 3688 746 3774 praecipue
767 3688 819 3761 cui
837 3702 926 3760 gens,
943 3679 1127 3742 adsuebltlffi
1141 3669 1234 3721 mm
