3467 4367
474 625 504 671 98
708 621 737 670 P.
759 622 910 671 VERGILI
928 623 1094 674 MARONIS

475 705 565 769 Quare
582 706 663 772 agite,
682 723 698 759 ο
717 706 805 772 tectis,
822 707 944 771 iuvenes,
962 706 1101 760 succedite
1118 708 1231 766 nostris

474 780 520 833 Me
539 798 648 848 quoque
666 799 716 849 per
734 782 835 835 multos
853 781 950 834 similis
968 781 1078 835 fortuna
1095 783 1207 839 labores

475 859 609 912 lactatam
628 859 677 911 hac
696 858 806 911 demum
824 858 911 911 voluit
929 859 1078 912 consistere
1096 863 1182 916 terra.

474 934 536 987 Non
555 936 649 1001 ismara
667 934 731 986 nrali
750 936 856 988 miseris
875 951 1032 988 succurrere
1050 934 1132 989 disee
1297 955 1332 995 cro

474 1012 518 1065 Sic
535 1014 684 1076 memorat3
703 1011 782 1063 simul
802 1014 917 1066 Aenean
935 1012 962 1064 in
980 1012 1056 1080 regia
1073 1011 1152 1066 ducit

474 1088 564 1155 Tecta,
583 1087 661 1140 simul
681 1088 772 1141 divom
791 1090 900 1157 templis
917 1088 1014 1141 indicit
1031 1088 1169 1143 honorem.

475 1166 498 1216 N
502 1182 532 1217 ec
550 1165 639 1218 minus
657 1164 763 1218 interea
781 1166 860 1218 sociis
878 1165 915 1217 od
931 1164 1013 1217 litora
1029 1164 1117 1217 mittit

475 1240 581 1307 Viginti
600 1245 700 1308 tauros,
719 1258 879 1310 magnorum
896 1240 1037 1293 horrentia
1054 1244 1165 1294 centum

474 1315 562 1384 Terga
574 1335 660 1386 suum,
672 1320 779 1388 pinguis
790 1321 901 1371 centum
913 1333 974 1370 cum
986 1315 1122 1368 matribus
1133 1331 1228 1386 agnos,
1297 1333 1330 1372 se

475 1392 590 1447 Munera
608 1394 796 1463 laetitiamque
814 1394 866 1447 dei.

476 1472 515 1521 At
533 1469 629 1524 densus
647 1472 761 1525 interior
778 1470 863 1538 regali
882 1468 1027 1537 splendida
1045 1468 1114 1521 luxu

475 1545 632 1613 Instruitur,
651 1548 804 1616 mediisque
822 1548 921 1613 parant
938 1545 1059 1598 convivia
1076 1544 1173 1599 tectis:

475 1625 545 1675 Arte
562 1622 702 1676 laboratae
719 1628 810 1675 restes
828 1626 957 1689 ostroque
975 1619 1101 1689 superbo,

394 1724 400 1735 ·
475 1698 574 1765 lugens
592 1704 735 1767 argentum
753 1700 860 1765 mensis,
880 1697 1040 1766 caelataque
1057 1696 1086 1750 in
1104 1712 1172 1751 aure
1295 1713 1330 1754 te

475 1774 566 1827 Fortia
583 1776 655 1827 facte
672 1780 790 1843 petrum,
809 1775 893 1828 series
911 1773 1067 1840 longissima
1083 1789 1177 1826 rerum

474 1849 526 1902 Per
545 1854 587 1904 tot
605 1851 688 1905 ducta
706 1853 778 1905 viros
795 1851 925 1920 antiquae
942 1849 978 1902 ab
996 1850 1101 1917 origine
1117 1851 1217 1917 gentis

449 1933 453 1950 ‘
508 1927 740 1996 Aeneas—neque
759 1928 831 1980 enim
849 1926 954 1994 patrius
972 1926 1123 1980 consistere
1139 1929 1265 1980 mentem

473 2002 572 2056 Passus
589 2004 824 2072 amor-rapidum
843 2003 880 2055 ad
897 2003 973 2055 navis
990 2001 1144 2069 praemittit
1164 2001 1302 2069 Achaten,

473 2080 590 2133 Ascanio
607 2080 678 2133 ferat
695 2079 769 2145 hacc,
786 2080 931 2147 ipsumque
948 2078 984 2130 ad
1002 2078 1108 2131 moenia
1124 2076 1226 2147 dueat3
1294 2093 1330 2134 sle

472 2154 567 2209 Omnis
585 2157 613 2209 in
632 2157 750 2210 Ascanio
768 2155 823 2209 cari
842 2158 899 2208 stat
917 2171 982 2207 cura
1000 2153 1129 2223 parentis

471 2232 587 2286 Mrmera
604 2238 754 2301 praetcrea,
774 2231 864 2284 Iliacis
882 2235 978 2299 erepta
995 2230 1088 2295 ruinis,

472 2308 557 2362 Ferre
575 2310 658 2376 iubet,
677 2310 777 2377 pallam
796 2308 881 2376 signis
898 2325 1019 2377 auroque
1037 2308 1181 2376 rigentem,

473 2384 509 2439 Et
525 2386 734 2438 circumtextum
753 2400 847 2437 croceo
865 2385 987 2438 velamen
1006 2382 1129 2450 acantho,

472 2461 592 2514 Ornatus
611 2462 731 2528 Argivae
752 2462 881 2528 Helenae,
900 2478 968 2529 quos
985 2461 1032 2513 illa
1049 2459 1179 2528 Mycenis,
1295 2477 1332 2518 me

473 2536 607 2603 Pergama
624 2553 685 2590 curn
704 2541 811 2603 peteret
829 2538 1051 2604 inconcessosque
1070 2536 1254 2606 Hymenaeon,

472 2612 622 2679 Extulerat,
640 2614 736 2665 aratris
756 2613 847 2667 liedae
864 2613 989 2667 mirabile
1006 2612 1120 2666 donum:

473 2688 619 2741 Praeterea
637 2695 782 2755 sceptrum,
802 2689 889 2743 [lione
907 2690 981 2758 quod
997 2691 1121 2757 gesserat
1138 2689 1211 2757 olim,

472 2764 600 2817 Maxuma
618 2768 743 2817 natarum
765 2766 874 2833 Priami,
892 2767 1015 2835 colloque
1033 2766 1132 2819 monile

472 2840 611 2906 Baeatum,
630 2845 659 2894 et
676 2842 811 2910 duplicem
830 2844 945 2909 gemmis
962 2858 1083 2911 auroque
1100 2858 1238 2897 corenam.
1295 2861 1333 2900 (a

472 2916 549 2969 Haec
567 2916 687 2971 celerans
705 2919 760 2973 iter
778 2919 814 2971 ad
832 2919 908 2971 naris
925 2918 1059 2972 tendebat
1078 2917 1208 2973 Achates.

506 2993 547 3045 At
566 2993 700 3061 Cytherea
718 3012 801 3049 noras
821 2995 895 3063 artis,
914 2993 988 3048 nova'
999 2998 1111 3064 pectore
1128 2997 1223 3050 versat

472 3068 596 3132 Consilia
614 3074 645 3123 ut
663 3071 758 3125 faciem
776 3075 898 3125 mutatus
916 3074 945 3125 et
962 3088 1010 3124 ora
1028 3071 1134 3140 Cupido

474 3143 525 3198 Pro
544 3145 616 3199 dulci
636 3149 754 3201 Ascanio
772 3148 870 3211 veniat,
889 3148 1024 3215 donisque
1042 3148 1179 3201 furentem

473 3219 605 3275 incendat
623 3224 751 3290 reginarii,
770 3228 853 3291 atque
873 3223 978 3276 ossibus
996 3224 1108 3293 inplicet
1125 3222 1233 3291 ignem
1292 3241 1332 3282 we

463 3296 577 3365 Quippe
596 3299 706 3352 donnum
724 3300 804 3353 timet
822 3299 977 3367 ambiguam
997 3301 1145 3369 Tyriosque
1162 3298 1297 3368 bilinguis
1303 3324 1312 3371 ς

472 3372 536 3426 Urit
552 3379 631 3427 atrox
652 3376 727 3442 luno,
746 3380 774 3429 ct
793 3376 843 3429 sub
860 3380 969 3430 nectem
988 3394 1053 3430 cura
1070 3379 1199 3430 recursat

470 3449 543 3515 Ergo
561 3449 604 3503 his
622 3451 753 3518 aligerum
771 3452 851 3506 dictis
868 3453 979 3506 adfatur
999 3456 1143 3516 Amorem:

451 3522 535 3591 Alete
555 3543 638 3581 meac
658 3528 738 3599 vires,
757 3547 823 3586 mea
839 3547 944 3600 magna
960 3527 1189 3599 petentiasolus,

433 3593 520 3668 Nate,
539 3605 639 3673 patris
654 3610 763 3665 summi
785 3610 836 3683 qui
856 3609 920 3665 tela
936 3604 1071 3676 Typhoia
1084 3598 1199 3661 hemma
1312 3609 1356 3648 ὓ

417 3669 475 3722 All
492 3678 527 3729 te
544 3684 688 3756 confugio
710 3694 742 3748 et
763 3690 901 3763 supplex
918 3692 976 3742 tua
993 3678 1116 3735 iiiititln‘a
1129 3683 1227 3740 pem·
