3467 4367
459 705 462 710 Α
480 636 511 682 aa
705 632 736 683 P.
754 632 909 683 vuacmr
926 631 1093 682 mancius

477 715 598 784 Stuppea
615 716 790 784 torquentem
808 715 931 769 Balearis
948 716 1064 780 verbera
1080 716 1189 784 fundae,

477 790 546 845 eum
563 792 610 844 nix
628 791 685 844 alte
700 792 779 860 iacet,
797 792 912 860 glaciem
930 808 991 845 cum
1008 791 1120 845 flumina
1137 792 1263 848 trudunt
1295 808 1333 849 em

512 867 585 932 Quid
602 870 782 935 tempestates
801 868 925 921 autumni
942 871 972 922 et
990 867 1081 921 sidera
1099 867 1196 935 dicam,

477 942 578 1013 Atque,
596 942 642 995 ubi
659 944 713 996 iam
731 943 894 1011 breviorque
913 943 972 997 dies
990 946 1019 997 et
1036 944 1143 996 mollior
1160 950 1261 1016 aestas,

477 1017 553 1082 Quae
570 1018 705 1087 vigilanda
723 1020 803 1072 virisi
823 1018 866 1072 vel
885 1035 946 1072 cum
964 1020 1019 1072 ruit
1036 1018 1207 1072 imbriferum
1225 1037 1281 1087 ver,

460 1093 571 1161 Spicea
587 1094 642 1147 iam
659 1095 761 1161 campis
779 1111 841 1148 cum
858 1095 954 1148 messis
971 1094 1113 1161 inhorruit,
1132 1097 1161 1148 et
1178 1111 1241 1149 curn

476 1168 627 1223 Frumento
643 1170 671 1223 in
690 1170 769 1223 viridi
789 1170 890 1238 stipula
909 1171 1039 1223 lactentia
1057 1172 1186 1237 turgenti
1293 1186 1332 1227 ³15

476 1244 563 1313 Saepe
581 1260 640 1313 ego,
658 1263 720 1299 cum
738 1245 814 1299 flavis
832 1262 980 1299 messorem
997 1245 1141 1299 induceret
1158 1246 1230 1301 arvis

477 1320 605 1389 Agricola
622 1324 651 1375 et
668 1321 758 1389 fragili
775 1322 830 1375 iam
848 1322 998 1388 stringeret
1015 1320 1117 1373 hordea
1134 1322 1232 1391 culmo,

476 1396 573 1450 Omnia
590 1400 734 1451 ventorum
752 1413 913 1450 concurrere
930 1396 1033 1465 proelia
1050 1396 1114 1465 vidi,

476 1471 552 1535 Quae
567 1473 708 1540 gravidam
726 1473 782 1527 late
801 1476 922 1540 segetem
941 1472 976 1525 ab
994 1471 1131 1525 radicibus
1148 1472 1211 1527 imis

475 1547 624 1601 Sublimem
642 1550 782 1617 expulsam
800 1552 943 1613 eruerent3
962 1549 1002 1602 ita
1020 1547 1131 1602 turbine
1148 1550 1226 1617 nigro
1290 1568 1330 1607 eac

476 1623 573 1677 Ferret
586 1624 692 1692 hiemps
706 1625 878 1693 culmumque
892 1625 980 1678 levem
995 1624 1165 1693 stipulasque
1181 1627 1310 1684 volantis.

475 1699 562 1767 Saepe
579 1700 662 1753 etiam
677 1700 830 1753 inmensum
847 1701 922 1753 caelo
940 1701 1014 1754 venit
1035 1717 1134 1768 agmen
1154 1718 1297 1771 aquarum,

476 1775 511 1829 Et
529 1775 637 1829 foedam
654 1775 808 1844 glomerant
825 1779 1020 1844 tempestatem
1037 1775 1171 1830 imbribus
1188 1778 1257 1833 atris

475 1852 611 1905 Collectae
630 1869 665 1905 ex
685 1851 741 1905 alto
761 1852 862 1918 nubes;
880 1853 936 1906 ruit
954 1852 1056 1905 arduus
1073 1853 1177 1921 aether,

474 1927 511 1981 lit
527 1927 619 1996 pluvia
635 1928 737 1996 ingenti
756 1930 816 1982 sata
833 1928 906 1982 laeta
923 1928 1061 1996 boumque
1079 1928 1185 1983 labores
1289 1946 1329 1987 aas

474 2002 572 2069 Diluit3
596 2004 735 2072 inplentur
753 2004 847 2071 fossae,
866 2008 896 2058 et
914 2021 980 2058 cava
997 2005 1108 2058 flumina
1125 2011 1251 2062 crescunt

473 2078 542 2133 Cum
560 2080 657 2147 sonitu,
675 2080 817 2147 fervetque
834 2080 914 2134 fretis
932 2080 1097 2148 spirantibus
1115 2097 1225 2150 aequor.

474 2154 538 2224 Ipse
557 2156 641 2210 Pater
657 2155 748 2210 media
764 2156 919 2210 nimborum
937 2157 964 2208 in
982 2159 1063 2210 nocte
1080 2173 1192 2211 corusca

473 2230 598 2286 Fulmina
614 2233 725 2287 molitur
743 2232 857 2298 dextra,
881 2248 935 2300 quo
952 2248 1080 2285 maxuma
1096 2236 1173 2286 motu

472 2307 557 2362 'lerna
574 2310 674 2375 tremit,
691 2310 787 2377 fugere
804 2309 888 2376 ferae,
905 2311 935 2361 et
951 2308 1078 2362 mortalia
1095 2309 1178 2362 corda
1287 2324 1327 2365 eso

473 2382 527 2437 Per
543 2386 633 2452 gentis
650 2385 758 2438 humilis
776 2385 874 2437 stravit
891 2400 990 2452 pavor;
1011 2384 1057 2437 ille
1075 2385 1203 2452 flagranti

473 2460 532 2512 Aut
551 2460 652 2525 Athon,
670 2463 719 2513 aut
737 2459 899 2528 Rhodopen,
918 2463 965 2514 aut
983 2460 1040 2514 alta
1058 2460 1194 2515 (ieraunia
1211 2462 1269 2517 telo

471 2533 585 2600 Deiicit;
607 2536 774 2603 ingeminant
792 2535 880 2588 austri
899 2538 928 2588 et
945 2537 1121 2590 densissimus
1139 2537 1242 2604 imber;

472 2609 552 2664 Nunc
568 2626 680 2664 nemora
695 2610 800 2678 ingenti
817 2615 907 2680 vente,
924 2629 995 2666 nunc
1013 2612 1093 2666 litora
1110 2613 1254 2680 plangunt.

472 2685 533 2739 Hoc
551 2688 681 2754 metuens,
699 2686 766 2739 caeli
782 2703 890 2741 menses
907 2692 936 2742 et
953 2689 1045 2743 sidera
1061 2705 1146 2755 serva,
1285 2706 1325 2745 neo

398 2765 400 2769 '
471 2759 584 2829 Frigida
602 2762 711 2815 Saturni
729 2778 788 2816 sese
806 2779 859 2832 quo
878 2765 957 2818 atella
974 2767 1105 2832 receptet,

472 2836 546 2901 Quos
565 2837 636 2905 ignis
655 2838 723 2892 caeli
742 2838 878 2907 Cyllenius
896 2843 971 2894 erret
987 2840 1016 2893 in
1033 2840 1113 2894 orbis.

471 2911 504 2965 In
522 2914 617 2981 primis
634 2930 764 2968 venerare
782 2915 855 2982 deos,
874 2919 958 2984 atque
976 2932 1065 2969 annua
1082 2932 1196 2985 nnagnae
1289 2922 1294 2931 '

470 2988 552 3042 Sacra
568 2989 642 3043 refer
660 2989 753 3044 Cereri
770 2990 849 3044 laetis
867 2995 996 3059 operatus
1012 2992 1041 3045 in
1058 2992 1157 3059 herbis,

469 3062 617 3119 Extremae
635 3065 686 3120 sub
704 3083 795 3120 casum
813 3066 917 3134 hiemis,
935 3067 989 3121 iam
1007 3084 1071 3122 vere
1089 3084 1190 3122 sereno.
1284 3087 1323 3126 eoo

468 3138 537 3193 'ium
554 3141 669 3210 pingues
687 3143 757 3210 agni,
775 3146 805 3197 et
822 3147 881 3197 turn
899 3143 1057 3196 mollissima
1074 3145 1149 3210 vina;

468 3213 536 3268 Tum
555 3218 640 3270 somni
658 3218 752 3273 dulces
770 3220 926 3288 densaeque
942 3220 970 3272 in
988 3219 1127 3273 montibus
1143 3220 1264 3275 umbrae.

468 3289 573 3345 Cuncta
589 3292 639 3346 tibi
659 3294 785 3348 Oererem
804 3295 891 3365 pubes
909 3295 1027 3363 agrestis
1045 3296 1149 3363 adoret,

467 3364 516 3420 eui
533 3371 565 3421 tu
582 3368 653 3423 lacte
670 3371 746 3423 favos
764 3375 793 3424 et
810 3371 871 3423 miti
889 3370 963 3425 dilue
981 3371 1096 3439 Baccho,

465 3440 572 3510 Terque
588 3462 673 3499 novas
691 3446 791 3499 circum
809 3446 874 3499 felix
892 3450 938 3500 eat
955 3446 1045 3501 hostia
1062 3447 1162 3515 fruges,
1283 3465 1322 3505 aas

447 3512 547 3567 Omma
564 3534 650 3584 quarn
668 3522 771 3577 chorus
791 3526 821 3579 et
839 3524 909 3579 socii
926 3524 1094 3579 comitentur
1114 3527 1239 3586 ouantes,

426 3580 469 3635 Et
488 3587 629 3648 Cererem
647 3596 779 3655 clanrcre
800 3606 908 3658 vocent
923 3603 958 3658 in
975 3603 1073 3665 tecta,
1087 3611 1184 3663 neque
1200 3598 1269 3645 ente

414 3647 533 3714 ''uleem
549 3672 687 3728 maturis
709 3679 877 3753 quisquam
899 3680 1053 3752 supponat
1071 3670 1182 3732 aristis,
