3467 4367
675 635 859 683 nnunroos
881 634 950 683 mn.
972 634 1053 685 vm.
1244 635 1292 683 aas
1321 601 1341 669 'v

441 713 608 781 Ingrediens,
627 714 755 781 varioque
773 714 844 767 viam
862 731 987 769 sermone
1005 715 1121 769 levabat.

439 791 558 843 Miratur
575 789 716 858 facilisque
734 791 826 845 oculos
843 792 899 845 fert
917 793 1006 846 omnia
1024 793 1126 846 circum
1256 804 1292 846 313

439 869 557 932 Aeneas,
575 867 735 934 capiturque
753 867 827 934 locis,
845 872 875 921 et
893 869 999 935 singula
1016 869 1106 923 lactus

438 943 620 1012 Exquiritque
638 942 770 1010 auditque
789 944 878 996 virum
896 949 1074 1015 monumenta
1091 944 1223 1013 priorum
1267 947 1269 950 ’

438 1019 506 1072 Tum
524 1036 574 1072 rex
594 1018 738 1071 Euandrus
757 1019 896 1073 Romanae
915 1020 1040 1073 conditor
1057 1020 1140 1075 arcis:

439 1096 516 1148 Haec
533 1111 645 1148 nemora
662 1094 808 1162 indigenae
827 1095 914 1148 Fauni
933 1096 1131 1165 Nymphaeque
1150 1093 1290 1162 tenebant,

437 1170 567 1240 (iensque
584 1171 671 1224 virum
691 1172 795 1225 trrmcis
813 1176 842 1225 ct
861 1171 930 1225 duro
950 1172 1047 1226 robore
1066 1176 1137 1237 nata,
1254 1184 1290 1223 sio

438 1247 506 1311 Quis
521 1265 611 1317 neque
626 1264 684 1300 mos
701 1265 791 1316 neque
808 1250 896 1302 cultus
912 1252 978 1317 erat,
995 1266 1045 1303 nec
1060 1249 1173 1316 iungere
1188 1249 1290 1311 tauros,

439 1324 498 1377 Aut
516 1340 667 1392 conponere
685 1341 751 1392 opes
769 1329 874 1389 norant,
893 1329 941 1379 aut
958 1342 1071 1393 parcere
1089 1326 1175 1393 parto,
1345 1331 1351 1338 “

437 1399 493 1453 sed
510 1402 579 1453 rami
596 1405 679 1469 atque
697 1418 777 1469 asper
795 1401 868 1454 victu
887 1404 1000 1453 venatus
1018 1401 1115 1454 alebat.

438 1476 546 1529 Primus
563 1477 598 1529 ab
616 1478 739 1530 aetherio
757 1477 832 1530 veuit
851 1477 984 1530 Saturnus
1003 1476 1125 1544 Olympo,

437 1554 525 1605 Arma
544 1552 618 1605 lovis
635 1553 741 1619 fugiens
760 1556 789 1605 et
807 1554 897 1619 regnis
916 1552 993 1606 exsul
1011 1552 1152 1620 ademptis.
1252 1563 1290 1605 sao

437 1628 467 1680 Is
484 1644 571 1695 genus
588 1628 703 1682 indocile
721 1644 753 1682 ac
772 1628 926 1697 dispersum
944 1628 1081 1682 montibus
1100 1627 1161 1681 altis

437 1703 593 1772 Conposuit,
612 1704 741 1773 legesque
760 1705 845 1771 dedit,
865 1705 1030 1774 Latiumque
1049 1704 1138 1760 vocari

436 1786 543 1856 Maluit,
561 1789 603 1841 his
622 1789 750 1857 quoniam
768 1788 896 1842 latuisset
913 1791 990 1842 tutus
1008 1788 1036 1841 in
1055 1788 1115 1841 oris.

437 1863 531 1918 Aurea
549 1882 620 1934 quae
637 1865 790 1933 perhibent,
807 1866 854 1918 illo
873 1864 924 1917 sub
942 1881 1008 1933 rege
1026 1865 1103 1919 fuere

436 1939 561 1995 Saecula:
583 1943 621 1995 sic
638 1942 745 2011 placida
763 1942 878 2009 populos
895 1942 923 1994 in
942 1958 1008 2009 pace
1026 1940 1140 2008 regebat
1146 1960 1154 2005 ;
1252 1952 1289 1992 335

436 2014 565 2069 Deterior
584 2018 669 2070 donec
687 2018 818 2084 paulatim
836 2034 867 2069 ac
886 2016 995 2070 decolor
1014 2021 1090 2070 aetas

437 2091 473 2145 Et
490 2092 554 2145 belli
574 2092 663 2146 rabies
681 2095 709 2145 et
727 2094 951 2155 amorouocessit
969 2092 1096 2145 habendi.

436 2168 505 2220 Tum
522 2184 619 2221 manus
638 2168 760 2220 Ausonia
777 2171 807 2220 et
824 2171 922 2234 gentos
940 2185 1039 2221 venere
1058 2169 1178 2233 Sicanae,

436 2244 549 2311 Saepius
568 2246 596 2295 et
613 2258 712 2295 nomen
730 2242 823 2309 posuit
841 2243 970 2296 Saturnia
988 2244 1083 2308 tellus;

436 2317 503 2371 Tum
522 2333 601 2384 reges
619 2333 753 2385 asperque
770 2318 871 2370 inmani
890 2334 1003 2388 corpore
1022 2319 1142 2387 Thybris,
1250 2328 1287 2371 333

436 2395 463 2446 A
482 2410 536 2462 quo
554 2396 616 2461 post
636 2393 700 2445 Itali
719 2393 829 2446 fluvium
847 2396 1006 2467 cognomine
1024 2395 1153 2463 Thybrim

436 2468 576 2534 Diximus3
597 2469 689 2523 amisit
706 2486 800 2523 verum
819 2474 897 2524 vetus
917 2471 1018 2525 Albula
1035 2489 1139 2525 nomen.

436 2544 483 2598 Me
500 2544 607 2614 pulsum
626 2546 716 2614 patria
733 2546 879 2615 pelagique
898 2553 1021 2602 extrema
1039 2551 1199 2616 sequentem

435 2620 558 2675 Fortuna
576 2623 748 2691 omnipotens
767 2628 796 2677 et
814 2623 988 2677 ineluctabile
1006 2625 1092 2678 fatum

435 2687 489 2751 Hss
507 2715 623 2766 posuere
641 2699 713 2764 locis,
732 2701 883 2767 matrisque
902 2716 983 2768 egere
1001 2701 1146 2755 tremenda
1247 2714 1285 2755 335

435 2773 588 2828 Carmentis
608 2776 633 2827 N
635 2776 751 2843 ymphae
769 2777 872 2828 monita
890 2780 919 2829 33
937 2776 1006 2829 deus
1024 2780 1119 2829 auctor
1138 2778 1243 2844 Apollo.

435 2850 490 2903 Vix
507 2868 540 2905 ea
557 2850 644 2905 dicta:
666 2851 763 2904 dehinc
780 2867 942 2919 progressus
959 2856 1095 2905 monstrat
1113 2856 1142 2905 ct
1160 2869 1234 2905 aram

435 2925 472 2980 ut
490 2927 691 2981 Carmentalem
712 2926 827 2980 Romani
846 2928 953 2981 nomine
971 2932 1078 2994 portam

435 3004 522 3068 Quam
532 3008 692 3069 memorant,
703 3003 845 3071 Nymphae
854 3004 975 3071 priscum
985 3004 1138 3057 Carmentis
1147 3004 1284 3073 honorem,

434 3078 515 3134 Vatis
532 3079 668 3147 fatidicae,
687 3079 785 3133 cecinit
803 3096 874 3148 quae
893 3080 981 3147 prima
998 3079 1105 3133 futuros
1151 3113 1154 3118 ·
1248 3094 1285 3135 stc

434 3156 580 3210 Aeneadas
598 3173 712 3225 magnos
729 3159 758 3210 33
775 3157 866 3210 nobile
885 3156 1062 3209 Pallanteum.

435 3231 508 3286 Hinc
524 3234 615 3287 lucum
633 3234 780 3302 ingentem,
798 3249 879 3302 quem
900 3233 1032 3285 Romulus
1049 3250 1112 3287 acer
1130 3231 1243 3299 Asylum

435 3306 556 3363 Rettulit
573 3314 601 3364 et
620 3309 711 3378 gelida
729 3313 864 3363 monstrat
882 3309 933 3363 sub
952 3325 1021 3377 rupe
1040 3308 1180 3378 Lupercal,

435 3381 580 3437 Parrhasio
598 3385 701 3439 dictum
721 3386 809 3440 Panos
827 3386 862 3439 de
880 3402 956 3439 more
975 3384 1079 3453 Lycaei.

435 3458 460 3511 N
463 3476 493 3512 ec
511 3478 565 3513 non
583 3464 612 3514 et
630 3463 698 3514 sacri
716 3466 851 3517 monstrat
868 3480 964 3516 nemus
984 3460 1117 3527 Argileti,
1212 3528 1219 3538 ι
1251 3474 1297 3505 su,

435 3536 616 3605 Testaturque
633 3536 730 3607 locum,
749 3540 890 3595 oblatum
907 3540 995 3594 uocet
1005 3531 1241 3613 hosput'u‘stbm·

424 3612 501 3665 Hinc
517 3613 554 3666 ad
575 3613 723 3683 Tarpeiam
743 3619 846 3675 sedem
862 3620 898 3675 et
918 3612 1072 3685 Capitolia.
1087 3605 1187 3661 duem,

414 3687 513 3805 Α”Γιθέ
531 3707 615 3758 ”⁰⁸⁰2
636 3694 706 3750 olim
729 3696 928 3753 siluestribus
939 3688 1078 3747 horrida
1094 3674 1212 3731 baffi·
