<?xml version="1.0" encoding="UTF-8"?>
<!DOCTYPE html PUBLIC "-//W3C//DTD XHTML 1.0 Transitional//EN"
    "http://www.w3.org/TR/xhtml1/DTD/xhtml1-transitional.dtd">
<html xmlns="http://www.w3.org/1999/xhtml" xml:lang="en" lang="en">
 <head>
  <title>
</title>
<meta http-equiv="Content-Type" content="text/html;charset=utf-8" />
  <meta name='ocr-system' content='tesseract 3.04.00' />
  <meta name='ocr-capabilities' content='ocr_page ocr_carea ocr_par ocr_line ocrx_word'/>
</head>
<body>
  <div class='ocr_page' id='page_1' title='image "./publivergilimar02virggoog/publivergilimar02virggoog_0330.png"; bbox 0 0 3467 4367; ppageno 0'>
   <div class='ocr_carea' id='block_1_1' title="bbox 478 629 1109 694">
    <p class='ocr_par' dir='ltr' id='par_1_1' title="bbox 478 629 1109 694">
     <span class='ocr_line' id='line_1_1' title="bbox 478 629 1109 694; baseline -0.002 -2"><span class='ocrx_word' id='word_1_1' title='bbox 478 629 525 692; x_wconf 80' lang='lat' dir='ltr'>ale</span> <span class='ocrx_word' id='word_1_2' title='bbox 703 644 734 694; x_wconf 81' lang='lat' dir='ltr'>r.</span> <span class='ocrx_word' id='word_1_3' title='bbox 747 644 899 693; x_wconf 80' lang='lat' dir='ltr'>vuaenr</span> <span class='ocrx_word' id='word_1_4' title='bbox 915 642 1081 692; x_wconf 76' lang='grc'><strong>6666616</strong></span> <span class='ocrx_word' id='word_1_5' title='bbox 1106 657 1109 663; x_wconf 43' lang='lat'><em>‡</em></span> 
     </span>
    </p>
   </div>
   <div class='ocr_carea' id='block_1_2' title="bbox 439 724 1363 3760">
    <p class='ocr_par' dir='ltr' id='par_1_2' title="bbox 477 724 1215 794">
     <span class='ocr_line' id='line_1_2' title="bbox 477 724 1215 794; baseline 0.001 -17"><span class='ocrx_word' id='word_1_6' title='bbox 477 724 504 777; x_wconf 89' lang='lat' dir='ltr'>N</span> <span class='ocrx_word' id='word_1_7' title='bbox 506 740 540 777; x_wconf 92' lang='lat' dir='ltr'>on</span> <span class='ocrx_word' id='word_1_8' title='bbox 556 724 651 793; x_wconf 88' lang='lat' dir='ltr'>pudet,</span> <span class='ocrx_word' id='word_1_9' title='bbox 669 743 686 779; x_wconf 94' lang='lat' dir='ltr'>o</span> <span class='ocrx_word' id='word_1_10' title='bbox 704 726 807 794; x_wconf 83' lang='lat' dir='ltr'>Rutuli,</span> <span class='ocrx_word' id='word_1_11' title='bbox 825 743 876 794; x_wconf 91' lang='lat' dir='ltr'>pro</span> <span class='ocrx_word' id='word_1_12' title='bbox 894 726 998 780; x_wconf 90' lang='lat' dir='ltr'>eunetis</span> <span class='ocrx_word' id='word_1_13' title='bbox 1015 724 1116 779; x_wconf 85' lang='lat' dir='ltr'>talibus</span> <span class='ocrx_word' id='word_1_14' title='bbox 1133 742 1215 778; x_wconf 87' lang='lat' dir='ltr'>unam</span> 
     </span>
    </p>

    <p class='ocr_par' dir='ltr' id='par_1_3' title="bbox 478 797 1330 867">
     <span class='ocr_line' id='line_1_3' title="bbox 478 797 1330 867; baseline 0.002 -15"><span class='ocrx_word' id='word_1_15' title='bbox 478 797 624 854; x_wconf 87' lang='lat' dir='ltr'>Obiectare</span> <span class='ocrx_word' id='word_1_16' title='bbox 642 802 777 855; x_wconf 80' lang='lat' dir='ltr'>animaml</span> <span class='ocrx_word' id='word_1_17' title='bbox 795 818 945 856; x_wconf 88' lang='lat' dir='ltr'>numerone</span> <span class='ocrx_word' id='word_1_18' title='bbox 963 818 998 855; x_wconf 91' lang='lat' dir='ltr'>an</span> <span class='ocrx_word' id='word_1_19' title='bbox 1015 800 1119 855; x_wconf 83' lang='lat' dir='ltr'>viribus</span> <span class='ocrx_word' id='word_1_20' title='bbox 1136 801 1217 867; x_wconf 91' lang='lat' dir='ltr'>aequi</span> <span class='ocrx_word' id='word_1_21' title='bbox 1293 815 1330 854; x_wconf 70' lang='lat' dir='ltr'>ao</span> 
     </span>
    </p>

    <p class='ocr_par' dir='ltr' id='par_1_4' title="bbox 477 875 1297 943">
     <span class='ocr_line' id='line_1_4' title="bbox 477 875 1297 943; baseline 0.001 -15"><span class='ocrx_word' id='word_1_22' title='bbox 477 875 504 928; x_wconf 89' lang='lat' dir='ltr'>N</span> <span class='ocrx_word' id='word_1_23' title='bbox 506 892 540 928; x_wconf 91' lang='lat' dir='ltr'>on</span> <span class='ocrx_word' id='word_1_24' title='bbox 552 893 645 929; x_wconf 89' lang='lat' dir='ltr'>sumus</span> <span class='ocrx_word' id='word_1_25' title='bbox 656 878 664 929; x_wconf 85' lang='grc'>1</span> <span class='ocrx_word' id='word_1_26' title='bbox 700 878 853 943; x_wconf 75' lang='lat' dir='ltr'>Enemase</span> <span class='ocrx_word' id='word_1_27' title='bbox 866 881 896 931; x_wconf 89' lang='lat' dir='ltr'>et</span> <span class='ocrx_word' id='word_1_28' title='bbox 908 878 992 931; x_wconf 84' lang='lat' dir='ltr'>Troes</span> <span class='ocrx_word' id='word_1_29' title='bbox 1004 881 1034 931; x_wconf 89' lang='lat' dir='ltr'>et</span> <span class='ocrx_word' id='word_1_30' title='bbox 1047 876 1170 931; x_wconf 85' lang='lat' dir='ltr'>Arcades</span> <span class='ocrx_word' id='word_1_31' title='bbox 1181 876 1210 929; x_wconf 90' lang='lat' dir='ltr'>hi</span> <span class='ocrx_word' id='word_1_32' title='bbox 1222 880 1297 943; x_wconf 90' lang='lat' dir='ltr'>sunt,</span> 
     </span>
    </p>

    <p class='ocr_par' dir='ltr' id='par_1_5' title="bbox 478 952 1125 1021">
     <span class='ocr_line' id='line_1_5' title="bbox 478 952 1125 1021; baseline 0.003 -16"><span class='ocrx_word' id='word_1_33' title='bbox 478 952 636 1021; x_wconf 84' lang='lat' dir='ltr'>Fatalisque</span> <span class='ocrx_word' id='word_1_34' title='bbox 653 969 757 1020; x_wconf 87' lang='lat' dir='ltr'>manus,</span> <span class='ocrx_word' id='word_1_35' title='bbox 775 954 881 1007; x_wconf 85' lang='lat' dir='ltr'>infensa</span> <span class='ocrx_word' id='word_1_36' title='bbox 899 955 1011 1008; x_wconf 83' lang='lat' dir='ltr'>Etruria</span> <span class='ocrx_word' id='word_1_37' title='bbox 1029 955 1125 1007; x_wconf 81' lang='lat' dir='ltr'>Turno.</span> 
     </span>
    </p>

    <p class='ocr_par' dir='ltr' id='par_1_6' title="bbox 478 1028 1215 1098">
     <span class='ocr_line' id='line_1_6' title="bbox 478 1028 1215 1098; baseline 0.005 -20"><span class='ocrx_word' id='word_1_38' title='bbox 478 1028 533 1079; x_wconf 84' lang='lat' dir='ltr'>Vix</span> <span class='ocrx_word' id='word_1_39' title='bbox 551 1028 665 1094; x_wconf 88' lang='lat' dir='ltr'>hostem,</span> <span class='ocrx_word' id='word_1_40' title='bbox 684 1029 782 1083; x_wconf 87' lang='lat' dir='ltr'>alterni</span> <span class='ocrx_word' id='word_1_41' title='bbox 800 1030 823 1082; x_wconf 93' lang='lat' dir='ltr'>si</span> <span class='ocrx_word' id='word_1_42' title='bbox 840 1030 1057 1098; x_wconf 80' lang='lat' dir='ltr'>congrediamur,</span> <span class='ocrx_word' id='word_1_43' title='bbox 1075 1030 1215 1083; x_wconf 87' lang='lat' dir='ltr'>habemus.</span> 
     </span>
    </p>

    <p class='ocr_par' dir='ltr' id='par_1_7' title="bbox 479 1104 1247 1175">
     <span class='ocr_line' id='line_1_7' title="bbox 479 1104 1247 1175; baseline 0.004 -19"><span class='ocrx_word' id='word_1_44' title='bbox 479 1104 530 1157; x_wconf 95' lang='grc'><strong>1116</strong></span> <span class='ocrx_word' id='word_1_45' title='bbox 549 1104 660 1172; x_wconf 90' lang='lat' dir='ltr'>quidem</span> <span class='ocrx_word' id='word_1_46' title='bbox 678 1106 715 1158; x_wconf 86' lang='lat' dir='ltr'>ad</span> <span class='ocrx_word' id='word_1_47' title='bbox 733 1122 854 1174; x_wconf 88' lang='lat' dir='ltr'>superos,</span> <span class='ocrx_word' id='word_1_48' title='bbox 873 1123 989 1175; x_wconf 89' lang='lat' dir='ltr'>quorum</span> <span class='ocrx_word' id='word_1_49' title='bbox 1008 1122 1037 1159; x_wconf 90' lang='grc'>66</span> <span class='ocrx_word' id='word_1_50' title='bbox 1055 1106 1172 1160; x_wconf 83' lang='lat' dir='ltr'>devoret</span> <span class='ocrx_word' id='word_1_51' title='bbox 1183 1106 1247 1165; x_wconf 81' lang='lat' dir='ltr'>aris.</span> 
     </span>
    </p>

    <p class='ocr_par' dir='ltr' id='par_1_8' title="bbox 478 1180 1331 1251">
     <span class='ocr_line' id='line_1_8' title="bbox 478 1180 1331 1251; baseline 0.006 -18"><span class='ocrx_word' id='word_1_52' title='bbox 478 1180 613 1234; x_wconf 82' lang='lat' dir='ltr'>Suecedet</span> <span class='ocrx_word' id='word_1_53' title='bbox 630 1181 710 1246; x_wconf 82' lang='lat' dir='ltr'>lama,</span> <span class='ocrx_word' id='word_1_54' title='bbox 728 1182 862 1251; x_wconf 82' lang='lat' dir='ltr'>virusque</span> <span class='ocrx_word' id='word_1_55' title='bbox 880 1198 996 1250; x_wconf 88' lang='lat' dir='ltr'>perora</span> <span class='ocrx_word' id='word_1_56' title='bbox 1014 1182 1136 1247; x_wconf 87' lang='lat' dir='ltr'>feretur;</span> <span class='ocrx_word' id='word_1_57' title='bbox 1294 1197 1331 1238; x_wconf 67' lang='lat' dir='ltr'>aas</span> 
     </span>
    </p>

    <p class='ocr_par' dir='ltr' id='par_1_9' title="bbox 477 1254 1170 1325">
     <span class='ocr_line' id='line_1_9' title="bbox 477 1254 1170 1325; baseline 0.004 -19"><span class='ocrx_word' id='word_1_58' title='bbox 477 1254 542 1322; x_wconf 88' lang='lat' dir='ltr'>Nos,</span> <span class='ocrx_word' id='word_1_59' title='bbox 561 1255 651 1324; x_wconf 87' lang='lat' dir='ltr'>patria</span> <span class='ocrx_word' id='word_1_60' title='bbox 667 1256 775 1322; x_wconf 83' lang='lat' dir='ltr'>amissa,</span> <span class='ocrx_word' id='word_1_61' title='bbox 794 1256 911 1310; x_wconf 90' lang='lat' dir='ltr'>dominis</span> <span class='ocrx_word' id='word_1_62' title='bbox 929 1274 1028 1325; x_wconf 89' lang='lat' dir='ltr'>parere</span> <span class='ocrx_word' id='word_1_63' title='bbox 1046 1255 1170 1325; x_wconf 88' lang='lat' dir='ltr'>superbis</span> 
     </span>
    </p>

    <p class='ocr_par' dir='ltr' id='par_1_10' title="bbox 477 1332 1144 1401">
     <span class='ocr_line' id='line_1_10' title="bbox 477 1332 1144 1401; baseline 0 -16"><span class='ocrx_word' id='word_1_64' title='bbox 477 1332 619 1400; x_wconf 80' lang='lat' dir='ltr'>(legemur,</span> <span class='ocrx_word' id='word_1_65' title='bbox 637 1333 685 1401; x_wconf 94' lang='lat' dir='ltr'>qui</span> <span class='ocrx_word' id='word_1_66' title='bbox 702 1349 774 1386; x_wconf 89' lang='lat' dir='ltr'>nunc</span> <span class='ocrx_word' id='word_1_67' title='bbox 791 1333 859 1386; x_wconf 90' lang='lat' dir='ltr'>lenti</span> <span class='ocrx_word' id='word_1_68' title='bbox 876 1332 1047 1386; x_wconf 81' lang='lat' dir='ltr'>consedimus</span> <span class='ocrx_word' id='word_1_69' title='bbox 1065 1333 1144 1386; x_wconf 85' lang='lat' dir='ltr'>arvis.</span> 
     </span>
    </p>

    <p class='ocr_par' dir='ltr' id='par_1_11' title="bbox 477 1408 1177 1463">
     <span class='ocr_line' id='line_1_11' title="bbox 477 1408 1177 1463; baseline 0.001 -3"><span class='ocrx_word' id='word_1_70' title='bbox 477 1408 588 1462; x_wconf 79' lang='lat' dir='ltr'>Talibus</span> <span class='ocrx_word' id='word_1_71' title='bbox 605 1409 715 1463; x_wconf 86' lang='lat' dir='ltr'>incensa</span> <span class='ocrx_word' id='word_1_72' title='bbox 732 1412 776 1462; x_wconf 86' lang='lat' dir='ltr'>est</span> <span class='ocrx_word' id='word_1_73' title='bbox 792 1409 922 1462; x_wconf 91' lang='lat' dir='ltr'>iuvenum</span> <span class='ocrx_word' id='word_1_74' title='bbox 940 1409 1077 1463; x_wconf 88' lang='lat' dir='ltr'>sententia</span> <span class='ocrx_word' id='word_1_75' title='bbox 1094 1408 1177 1463; x_wconf 90' lang='lat' dir='ltr'>dietis</span> 
     </span>
    </p>

    <p class='ocr_par' dir='ltr' id='par_1_12' title="bbox 478 1484 1329 1553">
     <span class='ocr_line' id='line_1_12' title="bbox 478 1484 1329 1553; baseline 0.002 -16"><span class='ocrx_word' id='word_1_76' title='bbox 478 1484 538 1537; x_wconf 87' lang='lat' dir='ltr'>Iam</span> <span class='ocrx_word' id='word_1_77' title='bbox 551 1485 638 1553; x_wconf 83' lang='lat' dir='ltr'>magis</span> <span class='ocrx_word' id='word_1_78' title='bbox 650 1488 734 1553; x_wconf 90' lang='lat' dir='ltr'>atque</span> <span class='ocrx_word' id='word_1_79' title='bbox 747 1485 841 1553; x_wconf 83' lang='lat' dir='ltr'>magis,</span> <span class='ocrx_word' id='word_1_80' title='bbox 854 1485 995 1553; x_wconf 79' lang='lat' dir='ltr'>serpitque</span> <span class='ocrx_word' id='word_1_81' title='bbox 1007 1502 1057 1553; x_wconf 85' lang='lat' dir='ltr'>per</span> <span class='ocrx_word' id='word_1_82' title='bbox 1069 1484 1177 1552; x_wconf 75' lang='lat' dir='ltr'>agmim</span> <span class='ocrx_word' id='word_1_83' title='bbox 1189 1500 1329 1551; x_wconf 83' lang='lat' dir='ltr'>murmur3</span> 
     </span>
    </p>

    <p class='ocr_par' dir='ltr' id='par_1_13' title="bbox 478 1560 1330 1629">
     <span class='ocr_line' id='line_1_13' title="bbox 478 1560 1330 1629; baseline 0.004 -17"><span class='ocrx_word' id='word_1_84' title='bbox 478 1560 536 1628; x_wconf 88' lang='lat' dir='ltr'>Ipsi</span> <span class='ocrx_word' id='word_1_85' title='bbox 555 1560 706 1614; x_wconf 77' lang='lat' dir='ltr'>Laurentes</span> <span class='ocrx_word' id='word_1_86' title='bbox 723 1561 823 1615; x_wconf 87' lang='lat' dir='ltr'>mutati</span> <span class='ocrx_word' id='word_1_87' title='bbox 840 1560 947 1629; x_wconf 87' lang='lat' dir='ltr'>ipsique</span> <span class='ocrx_word' id='word_1_88' title='bbox 966 1561 1065 1615; x_wconf 84' lang='lat' dir='ltr'>Latini.</span> <span class='ocrx_word' id='word_1_89' title='bbox 1293 1576 1330 1615; x_wconf 75' lang='lat' dir='ltr'>aso</span> 
     </span>
    </p>

    <p class='ocr_par' dir='ltr' id='par_1_14' title="bbox 478 1635 1230 1705">
     <span class='ocr_line' id='line_1_14' title="bbox 478 1635 1230 1705; baseline 0 -17"><span class='ocrx_word' id='word_1_90' title='bbox 478 1636 530 1698; x_wconf 79' lang='lat' dir='ltr'>Qui</span> <span class='ocrx_word' id='word_1_91' title='bbox 548 1636 601 1689; x_wconf 89' lang='lat' dir='ltr'>sibi</span> <span class='ocrx_word' id='word_1_92' title='bbox 618 1636 673 1689; x_wconf 89' lang='lat' dir='ltr'>iam</span> <span class='ocrx_word' id='word_1_93' title='bbox 691 1636 814 1705; x_wconf 86' lang='lat' dir='ltr'>requiem</span> <span class='ocrx_word' id='word_1_94' title='bbox 832 1653 940 1704; x_wconf 83' lang='lat' dir='ltr'>pugnae</span> <span class='ocrx_word' id='word_1_95' title='bbox 957 1636 1095 1704; x_wconf 81' lang='lat' dir='ltr'>rebusque</span> <span class='ocrx_word' id='word_1_96' title='bbox 1112 1635 1230 1689; x_wconf 89' lang='lat' dir='ltr'>salutem</span> 
     </span>
    </p>

    <p class='ocr_par' dir='ltr' id='par_1_15' title="bbox 477 1711 1278 1782">
     <span class='ocr_line' id='line_1_15' title="bbox 477 1711 1278 1782; baseline 0.002 -19"><span class='ocrx_word' id='word_1_97' title='bbox 477 1711 639 1779; x_wconf 82' lang='lat' dir='ltr'>Sperabant,</span> <span class='ocrx_word' id='word_1_98' title='bbox 657 1728 729 1764; x_wconf 89' lang='lat' dir='ltr'>nune</span> <span class='ocrx_word' id='word_1_99' title='bbox 746 1728 822 1764; x_wconf 88' lang='lat' dir='ltr'>arma</span> <span class='ocrx_word' id='word_1_100' title='bbox 839 1713 941 1777; x_wconf 85' lang='lat' dir='ltr'>volunt,</span> <span class='ocrx_word' id='word_1_101' title='bbox 958 1713 1110 1782; x_wconf 85' lang='lat' dir='ltr'>foedusque</span> <span class='ocrx_word' id='word_1_102' title='bbox 1127 1714 1278 1780; x_wconf 84' lang='lat' dir='ltr'>precantur</span> 
     </span>
    </p>

    <p class='ocr_par' dir='ltr' id='par_1_16' title="bbox 478 1787 1238 1855">
     <span class='ocr_line' id='line_1_16' title="bbox 478 1787 1238 1855; baseline 0.001 -15"><span class='ocrx_word' id='word_1_103' title='bbox 478 1787 622 1851; x_wconf 85' lang='lat' dir='ltr'>iniectum,</span> <span class='ocrx_word' id='word_1_104' title='bbox 640 1790 670 1839; x_wconf 89' lang='lat' dir='ltr'>et</span> <span class='ocrx_word' id='word_1_105' title='bbox 688 1787 772 1839; x_wconf 84' lang='lat' dir='ltr'>Turni</span> <span class='ocrx_word' id='word_1_106' title='bbox 790 1792 893 1841; x_wconf 86' lang='lat' dir='ltr'>sortem</span> <span class='ocrx_word' id='word_1_107' title='bbox 911 1789 1077 1842; x_wconf 84' lang='lat' dir='ltr'>miserantur</span> <span class='ocrx_word' id='word_1_108' title='bbox 1094 1787 1238 1855; x_wconf 88' lang='lat' dir='ltr'>iniquam.-</span> 
     </span>
    </p>

    <p class='ocr_par' dir='ltr' id='par_1_17' title="bbox 478 1861 1136 1934">
     <span class='ocr_line' id='line_1_17' title="bbox 478 1861 1136 1934; baseline 0.005 -19"><span class='ocrx_word' id='word_1_109' title='bbox 478 1863 531 1916; x_wconf 90' lang='lat' dir='ltr'>His</span> <span class='ocrx_word' id='word_1_110' title='bbox 549 1861 624 1915; x_wconf 90' lang='lat' dir='ltr'>aliud</span> <span class='ocrx_word' id='word_1_111' title='bbox 642 1862 730 1916; x_wconf 90' lang='lat' dir='ltr'>maius</span> <span class='ocrx_word' id='word_1_112' title='bbox 748 1863 866 1915; x_wconf 82' lang='lat' dir='ltr'>Iuturna</span> <span class='ocrx_word' id='word_1_113' title='bbox 883 1864 1015 1934; x_wconf 88' lang='lat' dir='ltr'>adiungit,</span> <span class='ocrx_word' id='word_1_114' title='bbox 1034 1867 1063 1918; x_wconf 92' lang='lat' dir='ltr'>et</span> <span class='ocrx_word' id='word_1_115' title='bbox 1080 1864 1136 1918; x_wconf 91' lang='grc'><strong>6116</strong></span> 
     </span>
    </p>

    <p class='ocr_par' dir='ltr' id='par_1_18' title="bbox 478 1938 1329 2009">
     <span class='ocr_line' id='line_1_18' title="bbox 478 1938 1329 2009; baseline 0.004 -17"><span class='ocrx_word' id='word_1_116' title='bbox 478 1938 534 1994; x_wconf 87' lang='grc' dir='ltr'><strong>Ι)61</strong></span> <span class='ocrx_word' id='word_1_117' title='bbox 551 1939 658 2006; x_wconf 89' lang='lat' dir='ltr'>signum</span> <span class='ocrx_word' id='word_1_118' title='bbox 675 1939 758 2006; x_wconf 85' lang='grc'><strong>66616,</strong></span> <span class='ocrx_word' id='word_1_119' title='bbox 776 1955 831 2007; x_wconf 90' lang='lat' dir='ltr'>que</span> <span class='ocrx_word' id='word_1_120' title='bbox 848 1957 902 1993; x_wconf 90' lang='lat' dir='ltr'>non</span> <span class='ocrx_word' id='word_1_121' title='bbox 920 1941 1090 2009; x_wconf 88' lang='lat' dir='ltr'>praesentius</span> <span class='ocrx_word' id='word_1_122' title='bbox 1107 1940 1193 1993; x_wconf 91' lang='lat' dir='ltr'>ullum</span> <span class='ocrx_word' id='word_1_123' title='bbox 1294 1957 1329 1995; x_wconf 75' lang='lat' dir='ltr'>aas</span> 
     </span>
    </p>

    <p class='ocr_par' dir='ltr' id='par_1_19' title="bbox 478 2014 1163 2084">
     <span class='ocr_line' id='line_1_19' title="bbox 478 2014 1163 2084; baseline 0.001 -17"><span class='ocrx_word' id='word_1_124' title='bbox 478 2014 611 2069; x_wconf 77' lang='lat' dir='ltr'>Turbarit</span> <span class='ocrx_word' id='word_1_125' title='bbox 627 2019 734 2069; x_wconf 87' lang='lat' dir='ltr'>mentes</span> <span class='ocrx_word' id='word_1_126' title='bbox 753 2015 846 2082; x_wconf 84' lang='lat' dir='ltr'>Italas,</span> <span class='ocrx_word' id='word_1_127' title='bbox 864 2021 1041 2084; x_wconf 90' lang='lat' dir='ltr'>monstroque</span> <span class='ocrx_word' id='word_1_128' title='bbox 1058 2015 1163 2069; x_wconf 83' lang='lat' dir='ltr'>fefellit.</span> 
     </span>
    </p>

    <p class='ocr_par' dir='ltr' id='par_1_20' title="bbox 478 2091 1255 2160">
     <span class='ocr_line' id='line_1_20' title="bbox 478 2091 1255 2160; baseline 0.004 -18"><span class='ocrx_word' id='word_1_129' title='bbox 478 2091 604 2160; x_wconf 87' lang='lat' dir='ltr'>Namque</span> <span class='ocrx_word' id='word_1_130' title='bbox 622 2091 715 2145; x_wconf 87' lang='lat' dir='ltr'>volans</span> <span class='ocrx_word' id='word_1_131' title='bbox 733 2091 818 2145; x_wconf 89' lang='lat' dir='ltr'>rubra</span> <span class='ocrx_word' id='word_1_132' title='bbox 834 2092 924 2145; x_wconf 82' lang='lat' dir='ltr'>fulvus</span> <span class='ocrx_word' id='word_1_133' title='bbox 943 2092 1018 2145; x_wconf 88' lang='lat' dir='ltr'>Iovis</span> <span class='ocrx_word' id='word_1_134' title='bbox 1035 2092 1092 2145; x_wconf 89' lang='lat' dir='ltr'>ales</span> <span class='ocrx_word' id='word_1_135' title='bbox 1109 2092 1137 2144; x_wconf 90' lang='lat' dir='ltr'>in</span> <span class='ocrx_word' id='word_1_136' title='bbox 1156 2092 1255 2146; x_wconf 87' lang='lat' dir='ltr'>aethra</span> 
     </span>
    </p>

    <p class='ocr_par' dir='ltr' id='par_1_21' title="bbox 479 2166 1166 2235">
     <span class='ocr_line' id='line_1_21' title="bbox 479 2166 1166 2235; baseline 0.004 -16"><span class='ocrx_word' id='word_1_137' title='bbox 479 2167 603 2220; x_wconf 86' lang='lat' dir='ltr'>Litercas</span> <span class='ocrx_word' id='word_1_138' title='bbox 621 2167 745 2234; x_wconf 82' lang='lat' dir='ltr'>agitabat</span> <span class='ocrx_word' id='word_1_139' title='bbox 762 2184 826 2220; x_wconf 90' lang='lat' dir='ltr'>aves</span> <span class='ocrx_word' id='word_1_140' title='bbox 843 2166 1007 2235; x_wconf 86' lang='lat' dir='ltr'>turbamque</span> <span class='ocrx_word' id='word_1_141' title='bbox 1025 2172 1166 2222; x_wconf 89' lang='lat' dir='ltr'>sonantem</span> 
     </span>
    </p>

    <p class='ocr_par' dir='ltr' id='par_1_22' title="bbox 480 2243 1190 2312">
     <span class='ocr_line' id='line_1_22' title="bbox 480 2243 1190 2312; baseline 0.004 -18"><span class='ocrx_word' id='word_1_142' title='bbox 480 2243 605 2309; x_wconf 88' lang='lat' dir='ltr'>Agminis</span> <span class='ocrx_word' id='word_1_143' title='bbox 622 2243 734 2311; x_wconf 76' lang='lat' dir='ltr'>aligeri:</span> <span class='ocrx_word' id='word_1_144' title='bbox 752 2243 842 2296; x_wconf 89' lang='lat' dir='ltr'>subito</span> <span class='ocrx_word' id='word_1_145' title='bbox 860 2260 922 2296; x_wconf 88' lang='lat' dir='ltr'>eum</span> <span class='ocrx_word' id='word_1_146' title='bbox 940 2244 1031 2312; x_wconf 91' lang='lat' dir='ltr'>lapsus</span> <span class='ocrx_word' id='word_1_147' title='bbox 1048 2244 1084 2296; x_wconf 90' lang='lat' dir='ltr'>ad</span> <span class='ocrx_word' id='word_1_148' title='bbox 1102 2244 1190 2297; x_wconf 88' lang='lat' dir='ltr'>undas</span> 
     </span>
    </p>

    <p class='ocr_par' dir='ltr' id='par_1_23' title="bbox 478 2319 1330 2388">
     <span class='ocr_line' id='line_1_23' title="bbox 478 2319 1330 2388; baseline 0.004 -17"><span class='ocrx_word' id='word_1_149' title='bbox 478 2319 597 2386; x_wconf 79' lang='lat' dir='ltr'>Cycnum</span> <span class='ocrx_word' id='word_1_150' title='bbox 615 2320 796 2374; x_wconf 82' lang='lat' dir='ltr'>excellentem</span> <span class='ocrx_word' id='word_1_151' title='bbox 814 2319 932 2388; x_wconf 92' lang='lat' dir='ltr'>pedibus</span> <span class='ocrx_word' id='word_1_152' title='bbox 950 2320 1022 2387; x_wconf 85' lang='lat' dir='ltr'>rapit</span> <span class='ocrx_word' id='word_1_153' title='bbox 1039 2319 1172 2388; x_wconf 88' lang='lat' dir='ltr'>inprobus</span> <span class='ocrx_word' id='word_1_154' title='bbox 1189 2320 1276 2374; x_wconf 87' lang='lat' dir='ltr'>uncis.</span> <span class='ocrx_word' id='word_1_155' title='bbox 1293 2336 1330 2374; x_wconf 81' lang='lat' dir='ltr'>aso</span> 
     </span>
    </p>

    <p class='ocr_par' dir='ltr' id='par_1_24' title="bbox 479 2395 1154 2463">
     <span class='ocr_line' id='line_1_24' title="bbox 479 2395 1154 2463; baseline 0.001 -17"><span class='ocrx_word' id='word_1_156' title='bbox 479 2398 618 2447; x_wconf 84' lang='lat' dir='ltr'>Arrexere</span> <span class='ocrx_word' id='word_1_157' title='bbox 636 2396 739 2448; x_wconf 84' lang='lat' dir='ltr'>animos</span> <span class='ocrx_word' id='word_1_158' title='bbox 758 2396 830 2460; x_wconf 83' lang='lat' dir='ltr'>Itali,</span> <span class='ocrx_word' id='word_1_159' title='bbox 847 2399 1014 2463; x_wconf 85' lang='lat' dir='ltr'>cunctaeque</span> <span class='ocrx_word' id='word_1_160' title='bbox 1032 2395 1154 2449; x_wconf 86' lang='lat' dir='ltr'>volucres</span> 
     </span>
    </p>

    <p class='ocr_par' dir='ltr' id='par_1_25' title="bbox 478 2470 1129 2539">
     <span class='ocr_line' id='line_1_25' title="bbox 478 2470 1129 2539; baseline 0 -16"><span class='ocrx_word' id='word_1_161' title='bbox 478 2470 649 2525; x_wconf 87' lang='lat' dir='ltr'>Convertunt</span> <span class='ocrx_word' id='word_1_162' title='bbox 666 2471 785 2524; x_wconf 89' lang='lat' dir='ltr'>clamere</span> <span class='ocrx_word' id='word_1_163' title='bbox 802 2471 901 2539; x_wconf 87' lang='lat' dir='ltr'>fugam,</span> <span class='ocrx_word' id='word_1_164' title='bbox 919 2470 1044 2525; x_wconf 90' lang='lat' dir='ltr'>mirabile</span> <span class='ocrx_word' id='word_1_165' title='bbox 1061 2471 1129 2537; x_wconf 78' lang='lat' dir='ltr'>visu,</span> 
     </span>
    </p>

    <p class='ocr_par' dir='ltr' id='par_1_26' title="bbox 479 2546 1293 2617">
     <span class='ocr_line' id='line_1_26' title="bbox 479 2546 1293 2617; baseline 0.004 -18"><span class='ocrx_word' id='word_1_166' title='bbox 479 2546 658 2615; x_wconf 85' lang='lat' dir='ltr'>Aetheraque</span> <span class='ocrx_word' id='word_1_167' title='bbox 676 2546 823 2599; x_wconf 88' lang='lat' dir='ltr'>obscurant</span> <span class='ocrx_word' id='word_1_168' title='bbox 840 2547 945 2615; x_wconf 89' lang='lat' dir='ltr'>pennis,</span> <span class='ocrx_word' id='word_1_169' title='bbox 963 2547 1125 2617; x_wconf 86' lang='lat' dir='ltr'>hostemque</span> <span class='ocrx_word' id='word_1_170' title='bbox 1143 2563 1193 2615; x_wconf 88' lang='lat' dir='ltr'>per</span> <span class='ocrx_word' id='word_1_171' title='bbox 1211 2563 1293 2602; x_wconf 86' lang='lat' dir='ltr'>auras</span> 
     </span>
    </p>

    <p class='ocr_par' dir='ltr' id='par_1_27' title="bbox 478 2621 1186 2690">
     <span class='ocr_line' id='line_1_27' title="bbox 478 2621 1186 2690; baseline 0 -15"><span class='ocrx_word' id='word_1_172' title='bbox 478 2622 562 2675; x_wconf 84' lang='lat' dir='ltr'>Facta</span> <span class='ocrx_word' id='word_1_173' title='bbox 579 2622 653 2675; x_wconf 91' lang='lat' dir='ltr'>nube</span> <span class='ocrx_word' id='word_1_174' title='bbox 670 2625 807 2690; x_wconf 88' lang='lat' dir='ltr'>premunt,</span> <span class='ocrx_word' id='word_1_175' title='bbox 826 2621 912 2675; x_wconf 88' lang='lat' dir='ltr'>donec</span> <span class='ocrx_word' id='word_1_176' title='bbox 930 2623 956 2675; x_wconf 82' lang='lat' dir='ltr'>vi</span> <span class='ocrx_word' id='word_1_177' title='bbox 975 2622 1063 2676; x_wconf 88' lang='lat' dir='ltr'>victus</span> <span class='ocrx_word' id='word_1_178' title='bbox 1080 2623 1186 2690; x_wconf 89' lang='lat' dir='ltr'>etipse</span> 
     </span>
    </p>

    <p class='ocr_par' dir='ltr' id='par_1_28' title="bbox 479 2697 1328 2766">
     <span class='ocr_line' id='line_1_28' title="bbox 479 2697 1328 2766; baseline 0.006 -16"><span class='ocrx_word' id='word_1_179' title='bbox 479 2698 605 2753; x_wconf 90' lang='lat' dir='ltr'>Pondere</span> <span class='ocrx_word' id='word_1_180' title='bbox 623 2699 731 2765; x_wconf 85' lang='lat' dir='ltr'>defecit,</span> <span class='ocrx_word' id='word_1_181' title='bbox 750 2697 935 2766; x_wconf 86' lang='lat' dir='ltr'>praedamque</span> <span class='ocrx_word' id='word_1_182' title='bbox 954 2715 989 2752; x_wconf 86' lang='lat' dir='ltr'>ex</span> <span class='ocrx_word' id='word_1_183' title='bbox 1007 2697 1143 2766; x_wconf 74' lang='lat' dir='ltr'>ringuibus</span> <span class='ocrx_word' id='word_1_184' title='bbox 1160 2697 1218 2753; x_wconf 87' lang='lat' dir='ltr'>ales</span> <span class='ocrx_word' id='word_1_185' title='bbox 1293 2717 1328 2755; x_wconf 77' lang='lat' dir='ltr'>aas</span> 
     </span>
    </p>

    <p class='ocr_par' dir='ltr' id='par_1_29' title="bbox 481 2773 1137 2843">
     <span class='ocr_line' id='line_1_29' title="bbox 481 2773 1137 2843; baseline 0.002 -16"><span class='ocrx_word' id='word_1_186' title='bbox 481 2774 599 2828; x_wconf 87' lang='lat' dir='ltr'>Proiecit</span> <span class='ocrx_word' id='word_1_187' title='bbox 615 2774 704 2840; x_wconf 84' lang='lat' dir='ltr'>fluvio,</span> <span class='ocrx_word' id='word_1_188' title='bbox 722 2775 888 2843; x_wconf 83' lang='lat' dir='ltr'>penitusque</span> <span class='ocrx_word' id='word_1_189' title='bbox 905 2774 933 2825; x_wconf 90' lang='lat' dir='ltr'>iu</span> <span class='ocrx_word' id='word_1_190' title='bbox 950 2773 1043 2827; x_wconf 88' lang='lat' dir='ltr'>nubila</span> <span class='ocrx_word' id='word_1_191' title='bbox 1059 2774 1137 2841; x_wconf 84' lang='lat' dir='ltr'>fugit.</span> 
     </span>
    </p>

    <p class='ocr_par' dir='ltr' id='par_1_30' title="bbox 479 2850 1188 2924">
     <span class='ocr_line' id='line_1_30' title="bbox 479 2850 1188 2924; baseline 0 -21"><span class='ocrx_word' id='word_1_192' title='bbox 479 2851 547 2903; x_wconf 85' lang='lat' dir='ltr'>Tum</span> <span class='ocrx_word' id='word_1_193' title='bbox 566 2867 629 2904; x_wconf 84' lang='lat' dir='ltr'>vero</span> <span class='ocrx_word' id='word_1_194' title='bbox 647 2851 790 2918; x_wconf 89' lang='lat' dir='ltr'>augurium</span> <span class='ocrx_word' id='word_1_195' title='bbox 811 2850 907 2903; x_wconf 86' lang='lat' dir='ltr'>Rutuli</span> <span class='ocrx_word' id='word_1_196' title='bbox 925 2850 1042 2903; x_wconf 90' lang='lat' dir='ltr'>clamore</span> <span class='ocrx_word' id='word_1_197' title='bbox 1060 2850 1188 2924; x_wconf 87' lang='lat' dir='ltr'>salutant,</span> 
     </span>
    </p>

    <p class='ocr_par' dir='ltr' id='par_1_31' title="bbox 479 2925 1287 2995">
     <span class='ocr_line' id='line_1_31' title="bbox 479 2925 1287 2995; baseline -0.001 -16"><span class='ocrx_word' id='word_1_198' title='bbox 479 2927 691 2995; x_wconf 84' lang='lat' dir='ltr'>Expediuntque</span> <span class='ocrx_word' id='word_1_199' title='bbox 709 2943 822 2990; x_wconf 89' lang='lat' dir='ltr'>manus;</span> <span class='ocrx_word' id='word_1_200' title='bbox 840 2926 999 2994; x_wconf 88' lang='lat' dir='ltr'>primusque</span> <span class='ocrx_word' id='word_1_201' title='bbox 1017 2925 1175 2978; x_wconf 82' lang='lat' dir='ltr'>Tolumnius</span> <span class='ocrx_word' id='word_1_202' title='bbox 1192 2941 1287 2995; x_wconf 85' lang='lat' dir='ltr'>augur,</span> 
     </span>
    </p>

    <p class='ocr_par' dir='ltr' id='par_1_32' title="bbox 480 3001 1217 3069">
     <span class='ocr_line' id='line_1_32' title="bbox 480 3001 1217 3069; baseline -0.001 -14"><span class='ocrx_word' id='word_1_203' title='bbox 480 3003 541 3055; x_wconf 87' lang='lat' dir='ltr'>Hoc</span> <span class='ocrx_word' id='word_1_204' title='bbox 559 3007 625 3069; x_wconf 89' lang='lat' dir='ltr'>erat,</span> <span class='ocrx_word' id='word_1_205' title='bbox 643 3003 701 3068; x_wconf 88' lang='lat' dir='ltr'>hoe,</span> <span class='ocrx_word' id='word_1_206' title='bbox 720 3003 797 3068; x_wconf 80' lang='grc'><strong>66116,</strong></span> <span class='ocrx_word' id='word_1_207' title='bbox 817 3002 915 3069; x_wconf 89' lang='lat' dir='ltr'>inquit,</span> <span class='ocrx_word' id='word_1_208' title='bbox 933 3001 1008 3069; x_wconf 88' lang='lat' dir='ltr'>quod</span> <span class='ocrx_word' id='word_1_209' title='bbox 1025 3017 1107 3069; x_wconf 88' lang='lat' dir='ltr'>saepe</span> <span class='ocrx_word' id='word_1_210' title='bbox 1125 3002 1217 3068; x_wconf 83' lang='lat' dir='ltr'>petivi.</span> 
     </span>
    </p>

    <p class='ocr_par' dir='ltr' id='par_1_33' title="bbox 480 3075 1329 3147">
     <span class='ocr_line' id='line_1_33' title="bbox 480 3075 1329 3147; baseline 0 -16"><span class='ocrx_word' id='word_1_211' title='bbox 480 3078 600 3146; x_wconf 88' lang='lat' dir='ltr'>Accipio,</span> <span class='ocrx_word' id='word_1_212' title='bbox 618 3079 809 3147; x_wconf 82' lang='lat' dir='ltr'>adgnoscoque</span> <span class='ocrx_word' id='word_1_213' title='bbox 827 3078 910 3143; x_wconf 91' lang='lat' dir='ltr'>de0s;</span> <span class='ocrx_word' id='word_1_214' title='bbox 928 3094 979 3144; x_wconf 89' lang='lat' dir='ltr'>me,</span> <span class='ocrx_word' id='word_1_215' title='bbox 997 3093 1041 3131; x_wconf 90' lang='lat' dir='ltr'>me</span> <span class='ocrx_word' id='word_1_216' title='bbox 1059 3077 1129 3130; x_wconf 88' lang='lat' dir='ltr'>duce</span> <span class='ocrx_word' id='word_1_217' title='bbox 1145 3075 1249 3130; x_wconf 83' lang='lat' dir='ltr'>ferrum</span> <span class='ocrx_word' id='word_1_218' title='bbox 1292 3093 1329 3131; x_wconf 84' lang='grc'>666</span> 
     </span>
    </p>

    <p class='ocr_par' dir='ltr' id='par_1_34' title="bbox 479 3151 1224 3222">
     <span class='ocr_line' id='line_1_34' title="bbox 479 3151 1224 3222; baseline -0.001 -16"><span class='ocrx_word' id='word_1_219' title='bbox 479 3154 625 3222; x_wconf 83' lang='lat' dir='ltr'>Corripite,</span> <span class='ocrx_word' id='word_1_220' title='bbox 643 3171 659 3207; x_wconf 95' lang='grc'>6</span> <span class='ocrx_word' id='word_1_221' title='bbox 678 3156 778 3222; x_wconf 85' lang='lat' dir='ltr'>miseri,</span> <span class='ocrx_word' id='word_1_222' title='bbox 797 3170 865 3222; x_wconf 85' lang='lat' dir='ltr'>ques</span> <span class='ocrx_word' id='word_1_223' title='bbox 883 3153 1013 3222; x_wconf 90' lang='lat' dir='ltr'>inprobus</span> <span class='ocrx_word' id='word_1_224' title='bbox 1031 3153 1135 3207; x_wconf 90' lang='lat' dir='ltr'>advena</span> <span class='ocrx_word' id='word_1_225' title='bbox 1152 3151 1224 3205; x_wconf 92' lang='lat' dir='ltr'>bello</span> 
     </span>
    </p>

    <p class='ocr_par' dir='ltr' id='par_1_35' title="bbox 479 3230 1154 3295">
     <span class='ocr_line' id='line_1_35' title="bbox 479 3230 1154 3295; baseline 0 -14"><span class='ocrx_word' id='word_1_226' title='bbox 479 3230 607 3295; x_wconf 84' lang='lat' dir='ltr'>Territat,</span> <span class='ocrx_word' id='word_1_227' title='bbox 626 3231 760 3283; x_wconf 86' lang='lat' dir='ltr'>invalidas</span> <span class='ocrx_word' id='word_1_228' title='bbox 777 3235 809 3281; x_wconf 92' lang='grc'>61</span> <span class='ocrx_word' id='word_1_229' title='bbox 827 3246 897 3295; x_wconf 87' lang='lat' dir='ltr'>aves,</span> <span class='ocrx_word' id='word_1_230' title='bbox 916 3233 945 3283; x_wconf 95' lang='lat' dir='ltr'>et</span> <span class='ocrx_word' id='word_1_231' title='bbox 963 3230 1044 3283; x_wconf 89' lang='lat' dir='ltr'>litera</span> <span class='ocrx_word' id='word_1_232' title='bbox 1061 3232 1154 3283; x_wconf 87' lang='lat' dir='ltr'>vestra</span> 
     </span>
    </p>

    <p class='ocr_par' dir='ltr' id='par_1_36' title="bbox 479 3304 1295 3375">
     <span class='ocr_line' id='line_1_36' title="bbox 479 3304 1295 3375; baseline 0.005 -19"><span class='ocrx_word' id='word_1_233' title='bbox 479 3305 516 3356; x_wconf 88' lang='lat' dir='ltr'>Vi</span> <span class='ocrx_word' id='word_1_234' title='bbox 534 3305 656 3373; x_wconf 89' lang='lat' dir='ltr'>populat.</span> <span class='ocrx_word' id='word_1_235' title='bbox 693 3306 774 3358; x_wconf 87' lang='lat' dir='ltr'>Petet</span> <span class='ocrx_word' id='word_1_236' title='bbox 792 3305 839 3359; x_wconf 91' lang='lat' dir='ltr'>ille</span> <span class='ocrx_word' id='word_1_237' title='bbox 856 3306 957 3374; x_wconf 86' lang='lat' dir='ltr'>fugam,</span> <span class='ocrx_word' id='word_1_238' title='bbox 975 3306 1140 3375; x_wconf 85' lang='lat' dir='ltr'>penitusque</span> <span class='ocrx_word' id='word_1_239' title='bbox 1157 3304 1295 3373; x_wconf 85' lang='lat' dir='ltr'>profundo</span> 
     </span>
    </p>

    <p class='ocr_par' dir='ltr' id='par_1_37' title="bbox 481 3379 1163 3448">
     <span class='ocr_line' id='line_1_37' title="bbox 481 3379 1163 3448; baseline 0.003 -16"><span class='ocrx_word' id='word_1_240' title='bbox 481 3379 549 3433; x_wconf 88' lang='lat' dir='ltr'>Vela</span> <span class='ocrx_word' id='word_1_241' title='bbox 567 3379 651 3433; x_wconf 90' lang='lat' dir='ltr'>dabit.</span> <span class='ocrx_word' id='word_1_242' title='bbox 687 3380 745 3433; x_wconf 92' lang='lat' dir='ltr'>Vos</span> <span class='ocrx_word' id='word_1_243' title='bbox 763 3381 883 3434; x_wconf 85' lang='lat' dir='ltr'>unanimi</span> <span class='ocrx_word' id='word_1_244' title='bbox 901 3381 1015 3435; x_wconf 86' lang='lat' dir='ltr'>deusate</span> <span class='ocrx_word' id='word_1_245' title='bbox 1033 3385 1163 3448; x_wconf 86' lang='lat' dir='ltr'>catervas,</span> 
     </span>
    </p>

    <p class='ocr_par' dir='ltr' id='par_1_38' title="bbox 439 3455 1363 3760">
     <span class='ocr_line' id='line_1_38' title="bbox 471 3455 1330 3527; baseline 0.003 -17"><span class='ocrx_word' id='word_1_246' title='bbox 471 3456 512 3511; x_wconf 82' lang='lat' dir='ltr'>Et</span> <span class='ocrx_word' id='word_1_247' title='bbox 530 3472 626 3526; x_wconf 83' lang='lat' dir='ltr'>regem</span> <span class='ocrx_word' id='word_1_248' title='bbox 646 3455 724 3511; x_wconf 88' lang='lat' dir='ltr'>vobis</span> <span class='ocrx_word' id='word_1_249' title='bbox 742 3472 834 3527; x_wconf 86' lang='lat' dir='ltr'>pugna</span> <span class='ocrx_word' id='word_1_250' title='bbox 851 3456 994 3510; x_wconf 83' lang='lat' dir='ltr'>defendite</span> <span class='ocrx_word' id='word_1_251' title='bbox 1012 3460 1128 3524; x_wconf 85' lang='lat' dir='ltr'>raptum.</span> <span class='ocrx_word' id='word_1_252' title='bbox 1293 3473 1330 3513; x_wconf 77' lang='lat' dir='ltr'>suo</span> 
     </span>
     <span class='ocr_line' id='line_1_39' title="bbox 458 3531 1173 3604; baseline -0.004 -18"><span class='ocrx_word' id='word_1_253' title='bbox 458 3531 552 3604; x_wconf 75' lang='lat' dir='ltr'>Dixit,</span> <span class='ocrx_word' id='word_1_254' title='bbox 573 3538 607 3591; x_wconf 80' lang='lat' dir='ltr'>et</span> <span class='ocrx_word' id='word_1_255' title='bbox 624 3534 765 3591; x_wconf 84' lang='lat' dir='ltr'>adversos</span> <span class='ocrx_word' id='word_1_256' title='bbox 783 3534 875 3591; x_wconf 90' lang='lat' dir='ltr'>telum</span> <span class='ocrx_word' id='word_1_257' title='bbox 891 3533 1026 3587; x_wconf 69' lang='lat' dir='ltr'>contendit</span> <span class='ocrx_word' id='word_1_258' title='bbox 1039 3532 1072 3583; x_wconf 85' lang='grc'>16</span> <span class='ocrx_word' id='word_1_259' title='bbox 1080 3533 1173 3583; x_wconf 68' lang='lat' dir='ltr'>hostis</span> 
     </span>
     <span class='ocr_line' id='line_1_40' title="bbox 445 3608 1294 3687; baseline -0.019 -16"><span class='ocrx_word' id='word_1_260' title='bbox 445 3610 636 3673; x_wconf 79' lang='lat' dir='ltr'>Procurrens</span> <span class='ocrx_word' id='word_1_261' title='bbox 644 3638 653 3687; x_wconf 89' lang='lat'>;</span> <span class='ocrx_word' id='word_1_262' title='bbox 675 3618 808 3673; x_wconf 91' lang='lat' dir='ltr'>sonitum</span> <span class='ocrx_word' id='word_1_263' title='bbox 827 3612 884 3668; x_wconf 83' lang='lat' dir='ltr'>dat</span> <span class='ocrx_word' id='word_1_264' title='bbox 901 3609 1026 3665; x_wconf 81' lang='lat' dir='ltr'>stridula</span> <span class='ocrx_word' id='word_1_265' title='bbox 1042 3620 1152 3666; x_wconf 81' lang='lat' dir='ltr'>cornus,</span> <span class='ocrx_word' id='word_1_266' title='bbox 1165 3608 1197 3655; x_wconf 72' lang='lat' dir='ltr'>et</span> <span class='ocrx_word' id='word_1_267' title='bbox 1210 3620 1294 3655; x_wconf 78' lang='lat' dir='ltr'>auras</span> 
     </span>
     <span class='ocr_line' id='line_1_41' title="bbox 439 3676 1363 3760; baseline -0.023 -16"><span class='ocrx_word' id='word_1_268' title='bbox 439 3686 533 3751; x_wconf 80' lang='lat' dir='ltr'>Uerta</span> <span class='ocrx_word' id='word_1_269' title='bbox 546 3702 645 3756; x_wconf 71' lang='lat' dir='ltr'>secat,</span> <span class='ocrx_word' id='word_1_270' title='bbox 692 3695 793 3756; x_wconf 77' lang='lat' dir='ltr'>Simul</span> <span class='ocrx_word' id='word_1_271' title='bbox 802 3694 874 3760; x_wconf 81' lang='lat' dir='ltr'>hoc,</span> <span class='ocrx_word' id='word_1_272' title='bbox 886 3684 1090 3749; x_wconf 79' lang='lat' dir='ltr'>simulingens</span> <span class='ocrx_word' id='word_1_273' title='bbox 1100 3676 1256 3733; x_wconf 60' lang='lat' dir='ltr'>clamemus</span> <span class='ocrx_word' id='word_1_274' title='bbox 1264 3688 1363 3724; x_wconf 64' lang='lat' dir='ltr'>emises</span> 
     </span>
    </p>
   </div>
   <div class='ocr_carea' id='block_1_3' title="bbox 0 0 1739 4367">
    <p class='ocr_par' dir='ltr' id='par_1_39' title="bbox 0 0 1739 4367">
     <span class='ocr_line' id='line_1_42' title="bbox 0 0 1739 4367; baseline 0 0"><span class='ocrx_word' id='word_1_275' title='bbox 0 0 1739 4367; x_wconf 95' lang='lat' dir='ltr'> </span> 
     </span>
    </p>
   </div>
  </div>
 </body>
</html>
