3467 4367
490 628 539 675 284
726 626 755 674 P.
774 625 926 673 VERGILI
944 625 1110 673 MARONIS

493 703 611 772 Duxisti,
630 708 659 759 et
677 705 740 758 talis
757 704 869 759 voluisti
886 705 1045 775 expendere
1062 707 1182 774 poenasl

491 780 551 844 Quo
568 780 659 835 ferorl
677 780 751 833 unde
762 779 835 835 abiit
854 798 926 849 quae
944 798 988 835 me
1006 782 1078 849 fuga,
1091 798 1209 854 quemve
1221 783 1348 841 reducitl

491 855 674 910 Laurentisne
692 856 793 910 iterum
812 873 905 910 muros
923 861 973 911 aut
990 862 1081 911 castra
1099 857 1215 913 videboi

491 931 564 996 Quid
582 948 677 985 manus
695 932 742 985 illa
759 932 855 1001 virum,
875 934 923 1002 qui
940 950 985 987 me
1004 950 1119 1002 meaque
1137 950 1214 987 arma
1232 936 1337 991 secutil

490 1006 834 1070 Quosne-nefas-omnis
852 1009 964 1063 infanda
982 1009 1010 1062 in
1028 1013 1117 1063 morte
1134 1010 1242 1079 reliqui,

489 1081 526 1136 Et
544 1099 616 1136 nuuc
632 1085 751 1152 palantis
768 1084 856 1152 video,
874 1086 1064 1154 gemitumque
1081 1085 1229 1139 cadentum

490 1158 620 1227 Accipiol
640 1160 713 1224 Quid
725 1162 793 1229 agol
810 1164 859 1214 aut
871 1178 942 1229 quae
954 1161 1009 1214 iam
1022 1160 1089 1214 satis
1100 1161 1156 1214 ima
1167 1161 1294 1216 dehiscat
1311 1176 1347 1217 67⁵

488 1234 573 1288 Terra
590 1235 675 1292 mihil
701 1236 758 1290 Vos
776 1250 793 1290 o
810 1238 902 1305 potius
919 1236 1094 1303 miserescite,
1113 1236 1205 1303 venti3

490 1310 523 1363 ln
541 1328 631 1379 rupes,
649 1313 678 1365 in
696 1313 888 1366 saxa-volens
906 1328 953 1365 vos
972 1312 1078 1365 Turnus
1095 1312 1214 1365 adoro-

489 1386 573 1441 Ferte
591 1392 687 1457 ratem,
706 1388 848 1457 saevisque
865 1388 945 1442 vadis
962 1387 1096 1443 inmittite
1115 1388 1210 1457 Syrtis,

488 1462 548 1526 Quo
565 1480 657 1533 neque
674 1481 719 1518 me
738 1465 842 1532 Rutuli,
860 1481 912 1518 nec
929 1464 1036 1519 conscia
1052 1464 1125 1519 fama
1143 1469 1284 1534 sequatur.

489 1539 566 1593 Haec
578 1556 732 1595 memorans
743 1540 833 1594 animo
845 1558 917 1594 nunc
929 1540 988 1607 hue,
1001 1557 1073 1594 nunc
1085 1540 1200 1595 fluctuat
1212 1542 1293 1609 illuo;
1307 1558 1344 1597 osc

489 1617 534 1667 An
553 1631 613 1669 sese
630 1632 759 1669 mucrone
777 1615 813 1669 oh
830 1620 939 1669 tantum
958 1616 1080 1671 dedecus
1096 1632 1191 1671 amens

488 1690 598 1758 induat,
617 1694 646 1745 et
664 1692 779 1744 crudum
797 1709 848 1760 per
865 1695 955 1746 costas
973 1692 1066 1759 exigat
1084 1708 1196 1759 ensem;

488 1766 630 1820 Fluctibus
648 1784 683 1820 an
701 1767 782 1821 iaciat
799 1768 906 1835 mediis,
925 1772 954 1823 et
971 1768 1053 1822 litora
1070 1768 1161 1821 nando

487 1841 576 1894 Curva
593 1846 679 1910 petat,
699 1843 890 1912 Teucrumque
907 1844 1009 1898 iterum
1027 1860 1057 1898 se
1075 1843 1175 1898 reddat
1192 1848 1222 1898 in
1239 1860 1324 1900 arma

486 1917 539 1971 Ter
557 1922 670 1971 conatus
687 1922 834 1987 utramque
852 1920 943 1985 viam;
960 1926 1005 1974 ter
1022 1936 1151 1974 maxuma
1170 1920 1239 1973 Iuno
1304 1937 1342 1977 ωε

487 1994 634 2061 Continuit,
653 1997 834 2064 iuvenemque
852 1996 936 2050 animi
955 1998 1085 2051 miserata
1102 1996 1240 2066 repressit

487 2070 601 2125 Labitur
619 2073 676 2126 alta
693 2088 788 2126 secans
806 2072 947 2142 fluctuque
966 2077 1099 2143 aestuque
1117 2071 1243 2141 secumdq

486 2146 523 2200 Ilt
541 2149 628 2215 patris
645 2150 786 2218 antiquam
805 2149 897 2201 Dauni
916 2149 1040 2203 defertur
1057 2148 1094 2203 ad
1111 2148 1215 2203 urbem.

520 2224 560 2277 At
581 2225 654 2277 lovis
673 2226 778 2279 interea
796 2225 908 2278 monitis
927 2225 1081 2279 Mezentius
1099 2225 1200 2279 ardens

485 2298 614 2353 Succedit
632 2318 747 2368 pugnae,
767 2301 942 2370 Teucrosque
959 2300 1065 2355 invadit
1082 2300 1197 2355 ovantis.
1301 2316 1340 2356 oeo

485 2375 656 2430 Concurrunt
674 2378 828 2445 Tyrrhenae
846 2378 926 2443 acies,
944 2381 1029 2446 atque
1047 2376 1172 2430 omnibus
1189 2376 1245 2445 uni,

485 2451 539 2503 Uni
557 2452 682 2520 odiisque
700 2454 758 2506 viro
777 2454 895 2521 telisque
912 2453 1103 2522 frequentibus
1120 2453 1232 2507 instant.

485 2525 543 2594 llle,
562 2528 637 2580 velut
655 2545 744 2596 rupes,
762 2533 870 2582 vastum
890 2546 960 2599 quae
978 2529 1071 2597 prodit
1087 2529 1115 2582 in
1133 2545 1243 2596 aequor,

484 2601 572 2655 Obvia
591 2608 733 2656 ventorum
752 2604 831 2657 furiis
849 2608 1018 2673 expostaque
1037 2608 1146 2676 ponto,

484 2678 548 2730 Vim
567 2684 692 2733 cunctam
711 2684 796 2748 atque
814 2682 902 2733 minas
920 2681 1023 2748 perfert
1042 2681 1164 2749 caelique
1181 2681 1329 2750 marisque,

485 2754 548 2820 lpsa
566 2755 670 2809 inmota
686 2773 817 2821 manens;
835 2757 940 2825 prolem
959 2756 1132 2810 Dolichaonis
1152 2754 1279 2811 Hebrum
1325 2804 1328 2807 .

483 2831 588 2885 Sternit
600 2832 682 2901 humi,
696 2850 757 2886 cum
770 2850 824 2902 quo
837 2834 973 2901 Latagum
986 2832 1165 2900 Palmumque
1177 2831 1313 2899 fugacem,

483 2905 538 2959 Sed
556 2907 691 2975 Latagum
710 2925 775 2962 saxo
793 2913 877 2975 atque
896 2908 1001 2976 ingenti
1019 2908 1153 2976 fragmine
1171 2907 1272 2961 montis

482 2981 604 3051 Occupat
623 3002 652 3037 os
670 2985 822 3052 faciemque
841 2984 991 3052 adversam,
1010 2983 1114 3053 poplite
1133 2984 1258 3037 Palmum

482 3057 590 3111 Succiso
609 3061 679 3113 volvi
699 3077 809 3128 segnem
828 3061 912 3126 sinit;
931 3078 1060 3129 armaque
1079 3061 1168 3114 Lauso
1299 3073 1338 3114 τοο

484 3132 573 3188 Donat
591 3135 693 3189 habere
712 3136 832 3190 humeris
851 3140 880 3190 et
898 3138 1001 3190 vertice
1020 3137 1103 3204 figere
1121 3136 1225 3189 cristas.

481 3209 507 3261 N
509 3226 540 3262 cc
559 3228 612 3264 non
631 3212 775 3265 Euanthen
796 3213 950 3280 Phrygium,
972 3213 1133 3280 Paridisque
1152 3210 1289 3265 Mimanta

483 3286 634 3353 Aequalem
653 3289 841 3356 comitemque,
860 3306 915 3341 una
934 3305 1014 3357 quem
1034 3286 1238 3342 noctellheano

482 3362 515 3414 In
534 3362 621 3415 lucem
640 3364 757 3431 genitori
777 3367 880 3431 Amyco
899 3366 985 3433 dedit,
1005 3370 1033 3419 et
1051 3366 1110 3420 face
1127 3379 1293 3433 praegnans

479 3438 580 3492 Cisseis
598 3441 693 3509 regina
713 3439 805 3493 Parim
823 3444 913 3496 creat:
932 3441 1000 3495 urbe
1019 3445 1133 3509 paterna
1298 3452 1337 3492 tot

465 3516 616 3586 Oecubat;
635 3521 765 3591 igulorum
786 3518 914 3574 Laurens
927 3516 1016 3572 hahet
1033 3535 1083 3569 ora
1093 3516 1235 3599 hlimauta

447 3594 496 3646 Ac
518 3597 599 3654 velut
620 3600 670 3656 ille
692 3618 802 3657 canum
821 3615 923 3655 morsu
940 3596 979 3650 de
994 3592 1136 3647 montmus
1150 3587 1215 3638 uhtu

408 3665 412 3680 ’
439 3668 541 3731 4⁶⁸1&
557 3694 647 3755 aper,
666 3683 786 3741 multos
808 3677 942 3737 Vesulus
962 3687 1050 3740 quem
1065 3666 1167 3734 punitor
1183 3673 1271 3711 sunus
