3467 4367
459 607 507 655 226
714 603 896 652 AENEIDOS
914 602 985 652 LIB.
1010 603 1074 653 VII.

459 684 591 752 Sustinet,
611 685 750 738 Aetnaeos
767 682 905 736 efflantem
923 682 1047 737 saucibus
1063 682 1142 751 ignis,

458 759 525 820 ,Tam
543 762 629 828 magis
646 760 693 812 illa
709 759 830 812 fremens
849 763 878 812 et
896 760 1022 813 tristibus
1040 758 1125 813 effera
1142 758 1266 828 flammis,

459 837 545 901 Quam
563 836 650 904 magis
668 835 753 888 efflue
770 835 938 889 crudescunt
956 834 1088 903 sanguine
1105 851 1220 905 pugnae

458 913 500 966 At
516 914 606 967 levem
623 912 740 979 clipeum
758 911 874 965 sublatis
892 911 1019 965 cornibus
1038 912 1071 965 Ie

458 990 535 1042 Aure
552 987 707 1059 insignibat,
732 987 787 1041 iam
805 988 890 1041 saetis
908 987 1005 1056 obsita
1022 988 1077 1041 iam
1095 987 1152 1056 bos,
1275 1002 1312 1045 ree

457 1065 660 1131 Argumentum
678 1064 781 1132 ingens,
798 1067 828 1117 et
845 1066 937 1117 custos
956 1064 1069 1132 virginis
1089 1065 1189 1133 Argus,

457 1140 624 1209 Caelataque
641 1155 749 1193 amnem
766 1139 883 1193 fundens
900 1143 981 1208 pater
999 1141 1116 1194 Inachus
1133 1158 1208 1196 urna

456 1216 616 1286 Insequitur
631 1215 741 1270 nimbus
758 1216 891 1284 peditum,
910 1216 1080 1285 clipeataque
1098 1218 1166 1271 totis

455 1293 576 1359 Agmina
593 1292 744 1346 densentur
761 1292 872 1361 campis,
891 1292 1050 1361 Argivaque
1068 1293 1156 1361 pubes

455 1369 656 1436 Auruncaeque
674 1385 779 1436 manus,
797 1367 894 1422 Rutuli
911 1372 1075 1437 veteresque
1093 1369 1182 1424 Sicani
1272 1382 1310 1425 tes

455 1444 492 1497 Et
509 1444 645 1499 Sacranae
662 1444 735 1499 acies
752 1448 782 1497 et
799 1444 866 1513 picti
884 1448 962 1498 scuta
980 1444 1087 1509 Labici3

454 1521 507 1585 Qui
524 1521 618 1588 saltus,
637 1520 772 1587 Tiberine,
790 1523 860 1589 tues,
879 1536 1041 1589 sacrumque
1059 1520 1168 1574 Numici

453 1596 533 1651 Litus
549 1600 636 1663 arant,
655 1596 828 1664 Rutulosque
845 1598 975 1649 exercent
992 1612 1102 1650 vomere
1120 1596 1202 1663 cellis,

453 1672 649 1741 Circaeumque
667 1672 775 1740 iugum·
788 1672 850 1741 quis
869 1672 996 1740 Iuppiter
1014 1674 1145 1726 Anxurus
1163 1672 1237 1728 arvis
1322 1717 1327 1728 .

454 1747 604 1815 Praesidet‚
621 1751 651 1802 et
668 1748 749 1800 viridi
766 1747 891 1833 gaudens
909 1747 1026 1802 Feronia
1043 1748 1119 1814 luce;
1270 1764 1308 1805 see

453 1824 513 1887 Qua
531 1824 647 1877 Saturae
664 1823 737 1877 iacet
754 1826 816 1876 atra
832 1823 919 1891 palus,
937 1823 1100 1892 gelidusque
1118 1841 1168 1893 per
1185 1824 1255 1879 imas

452 1899 565 1964 Quaerit
583 1899 637 1953 iter
654 1898 731 1952 vallis
749 1902 833 1968 atque
850 1898 879 1951 in
896 1916 973 1953 mare
990 1897 1229 1956 conditur-Ufens.

487 1976 547 2029 lles
565 1992 647 2044 super
665 1974 778 2028 advenit
795 1975 896 2029 Volsca
914 1975 950 2029 dc
967 1979 1051 2043 gente
1070 1975 1191 2045 Camilla,
1263 1984 1269 1994 ’

453 2052 562 2121 Agmcn
579 2068 663 2120 agens
681 2051 806 2119 equitum
824 2055 854 2105 ct
870 2051 994 2106 florentis
1011 2067 1075 2106 aere
1092 2056 1222 2119 catervas,

452 2127 595 2196 Bellatrix,
613 2145 666 2181 non
684 2127 732 2181 illa
749 2126 808 2181 cole
826 2126 975 2181 calathisve
994 2127 1136 2183 Minervae
1268 2144 1305 2185 see

369 2238 372 2242 -
452 2202 596 2258 Femineas
612 2204 727 2258 adsueta
744 2220 848 2270 manus,
866 2202 916 2256 sed
933 2204 1037 2272 proelia
1053 2204 1129 2272 virgo

452 2279 528 2333 Dura
544 2280 602 2349 pati
620 2296 757 2347 cursuque
774 2279 877 2347 pedum
894 2283 1070 2347 praevertere
1087 2284 1190 2335 ventes.

452 2356 505 2409 llla
522 2357 566 2410 vel
583 2356 703 2410 intactae
722 2356 823 2423 segetis
840 2371 891 2422 per
908 2371 1013 2410 summa
1030 2355 1135 2411 velaret

451 2431 588 2497 Gramina,
607 2448 657 2485 nec
674 2435 783 2485 teneras
800 2448 882 2484 cursu
899 2430 1024 2487 laesisset
1040 2432 1152 2498 aristas;
1186 2496 1191 2504 .

452 2505 505 2561 Vel
523 2523 598 2560 mare
615 2523 665 2575 per
681 2506 802 2560 medium
820 2506 905 2560 fluctu
923 2524 1052 2575 suspensa
1069 2509 1186 2571 trunenti
1266 2528 1303 2567 ere

452 2582 551 2636 llcrret
568 2582 629 2648 iter,
648 2581 745 2635 celeris
761 2597 813 2635 nec
830 2582 970 2650 tingueret
988 2600 1107 2652 aequore
1124 2585 1239 2654 plantas

452 2659 533 2712 Illam
551 2657 637 2711 omnis
654 2658 737 2711 tectis
754 2658 883 2726 agrisque
900 2657 985 2711 effusa
1001 2660 1129 2714 iuventus

451 2734 597 2802 'lurbaquc
614 2734 731 2787 miratur
748 2736 866 2787 matrum
885 2736 914 2788 et
930 2737 1089 2803 prospectat
1106 2741 1224 2800 euntem,

453 2810 590 2866 Attonitis
607 2810 713 2864 inhians
731 2810 835 2874 animis,
852 2814 884 2863 ut
902 2811 994 2878 regius
1011 2816 1086 2865 estre

452 2887 536 2941 Velet
552 2888 638 2940 honos
655 2887 722 2941 levis
740 2886 875 2954 humeros,
893 2890 925 2940 ut
942 2886 1026 2941 fibula
1043 2888 1146 2944 crinem
1264 2908 1302 2948 era

454 2964 532 3017 Aure
548 2964 721 3032 internectat,
740 2962 848 3031 Lyciam
867 2966 899 3016 ut
916 2966 995 3030 gerat
1012 2963 1072 3031 ipsa
1087 2964 1245 3031 pharetram

453 3038 490 3093 nt
506 3040 671 3108 pastoralem
687 3039 810 3109 praefixa
826 3037 939 3109 cuspide
957 3042 1082 3108 myrtum.
